%YAML 1.1
%TAG !u! tag:unity3d.com,2011:
--- !u!1 &7668846941585805032
GameObject:
  m_ObjectHideFlags: 0
  m_CorrespondingSourceObject: {fileID: 0}
  m_PrefabInstance: {fileID: 0}
  m_PrefabAsset: {fileID: 0}
  serializedVersion: 6
  m_Component:
  - component: {fileID: 306047358043795358}
  - component: {fileID: 6914727317955623300}
  - component: {fileID: 6903372878488873014}
  - component: {fileID: 4729481980198640740}
  - component: {fileID: 3138568605938865755}
  m_Layer: 8
  m_Name: Actor Trigger
  m_TagString: Untagged
  m_Icon: {fileID: 0}
  m_NavMeshLayer: 0
  m_StaticEditorFlags: 0
  m_IsActive: 1
--- !u!4 &306047358043795358
Transform:
  m_ObjectHideFlags: 0
  m_CorrespondingSourceObject: {fileID: 0}
  m_PrefabInstance: {fileID: 0}
  m_PrefabAsset: {fileID: 0}
  m_GameObject: {fileID: 7668846941585805032}
  serializedVersion: 2
  m_LocalRotation: {x: 0, y: 0, z: 0, w: 1}
  m_LocalPosition: {x: 0, y: 0.834, z: 1.05}
  m_LocalScale: {x: 1, y: 1, z: 1}
  m_ConstrainProportionsScale: 0
  m_Children: []
  m_Father: {fileID: 5236634645909919779}
  m_LocalEulerAnglesHint: {x: 0, y: 0, z: 0}
--- !u!33 &6914727317955623300
MeshFilter:
  m_ObjectHideFlags: 0
  m_CorrespondingSourceObject: {fileID: 0}
  m_PrefabInstance: {fileID: 0}
  m_PrefabAsset: {fileID: 0}
  m_GameObject: {fileID: 7668846941585805032}
  m_Mesh: {fileID: 10207, guid: 0000000000000000e000000000000000, type: 0}
--- !u!23 &6903372878488873014
MeshRenderer:
  m_ObjectHideFlags: 0
  m_CorrespondingSourceObject: {fileID: 0}
  m_PrefabInstance: {fileID: 0}
  m_PrefabAsset: {fileID: 0}
  m_GameObject: {fileID: 7668846941585805032}
  m_Enabled: 0
  m_CastShadows: 1
  m_ReceiveShadows: 1
  m_DynamicOccludee: 1
  m_StaticShadowCaster: 0
  m_MotionVectors: 1
  m_LightProbeUsage: 1
  m_ReflectionProbeUsage: 1
  m_RayTracingMode: 2
  m_RayTraceProcedural: 0
  m_RenderingLayerMask: 1
  m_RendererPriority: 0
  m_Materials:
  - {fileID: 2100000, guid: 31321ba15b8f8eb4c954353edc038b1d, type: 2}
  m_StaticBatchInfo:
    firstSubMesh: 0
    subMeshCount: 0
  m_StaticBatchRoot: {fileID: 0}
  m_ProbeAnchor: {fileID: 0}
  m_LightProbeVolumeOverride: {fileID: 0}
  m_ScaleInLightmap: 1
  m_ReceiveGI: 1
  m_PreserveUVs: 0
  m_IgnoreNormalsForChartDetection: 0
  m_ImportantGI: 0
  m_StitchLightmapSeams: 1
  m_SelectedEditorRenderState: 3
  m_MinimumChartSize: 4
  m_AutoUVMaxDistance: 0.5
  m_AutoUVMaxAngle: 89
  m_LightmapParameters: {fileID: 0}
  m_SortingLayerID: 0
  m_SortingLayer: 0
  m_SortingOrder: 0
  m_AdditionalVertexStreams: {fileID: 0}
--- !u!135 &4729481980198640740
SphereCollider:
  m_ObjectHideFlags: 0
  m_CorrespondingSourceObject: {fileID: 0}
  m_PrefabInstance: {fileID: 0}
  m_PrefabAsset: {fileID: 0}
  m_GameObject: {fileID: 7668846941585805032}
  m_Material: {fileID: 0}
  m_IncludeLayers:
    serializedVersion: 2
    m_Bits: 0
  m_ExcludeLayers:
    serializedVersion: 2
    m_Bits: 0
  m_LayerOverridePriority: 0
  m_IsTrigger: 1
  m_ProvidesContacts: 0
  m_Enabled: 1
  serializedVersion: 3
  m_Radius: 0.5
  m_Center: {x: 0, y: 0, z: 0}
--- !u!114 &3138568605938865755
MonoBehaviour:
  m_ObjectHideFlags: 0
  m_CorrespondingSourceObject: {fileID: 0}
  m_PrefabInstance: {fileID: 0}
  m_PrefabAsset: {fileID: 0}
  m_GameObject: {fileID: 7668846941585805032}
  m_Enabled: 1
  m_EditorHideFlags: 0
  m_Script: {fileID: 11500000, guid: d7cea11fe4404acc9a01906ca10a9f6d, type: 3}
  m_Name: 
  m_EditorClassIdentifier: 
  m_TriggeredGameObjects: []
  m_Actor: {fileID: 4893042092009751193}
--- !u!1001 &8209060103546073027
PrefabInstance:
  m_ObjectHideFlags: 0
  serializedVersion: 2
  m_Modification:
    serializedVersion: 3
    m_TransformParent: {fileID: 1271774661722135793}
    m_Modifications:
    - target: {fileID: -8679921383154817045, guid: 73032f91e4b621d44ad70a2f24d9d445, type: 3}
      propertyPath: m_LocalPosition.x
      value: 0
      objectReference: {fileID: 0}
    - target: {fileID: -8679921383154817045, guid: 73032f91e4b621d44ad70a2f24d9d445, type: 3}
      propertyPath: m_LocalPosition.y
      value: 0
      objectReference: {fileID: 0}
    - target: {fileID: -8679921383154817045, guid: 73032f91e4b621d44ad70a2f24d9d445, type: 3}
      propertyPath: m_LocalPosition.z
      value: 0
      objectReference: {fileID: 0}
    - target: {fileID: -8679921383154817045, guid: 73032f91e4b621d44ad70a2f24d9d445, type: 3}
      propertyPath: m_LocalRotation.w
      value: 1
      objectReference: {fileID: 0}
    - target: {fileID: -8679921383154817045, guid: 73032f91e4b621d44ad70a2f24d9d445, type: 3}
      propertyPath: m_LocalRotation.x
      value: 0
      objectReference: {fileID: 0}
    - target: {fileID: -8679921383154817045, guid: 73032f91e4b621d44ad70a2f24d9d445, type: 3}
      propertyPath: m_LocalRotation.y
      value: 0
      objectReference: {fileID: 0}
    - target: {fileID: -8679921383154817045, guid: 73032f91e4b621d44ad70a2f24d9d445, type: 3}
      propertyPath: m_LocalRotation.z
      value: 0
      objectReference: {fileID: 0}
    - target: {fileID: -8679921383154817045, guid: 73032f91e4b621d44ad70a2f24d9d445, type: 3}
      propertyPath: m_LocalEulerAnglesHint.x
      value: 0
      objectReference: {fileID: 0}
    - target: {fileID: -8679921383154817045, guid: 73032f91e4b621d44ad70a2f24d9d445, type: 3}
      propertyPath: m_LocalEulerAnglesHint.y
      value: 0
      objectReference: {fileID: 0}
    - target: {fileID: -8679921383154817045, guid: 73032f91e4b621d44ad70a2f24d9d445, type: 3}
      propertyPath: m_LocalEulerAnglesHint.z
      value: 0
      objectReference: {fileID: 0}
    - target: {fileID: 919132149155446097, guid: 73032f91e4b621d44ad70a2f24d9d445, type: 3}
      propertyPath: m_Name
      value: The Boss
      objectReference: {fileID: 0}
    m_RemovedComponents: []
    m_RemovedGameObjects: []
    m_AddedGameObjects: []
    m_AddedComponents: []
  m_SourcePrefab: {fileID: 100100000, guid: 73032f91e4b621d44ad70a2f24d9d445, type: 3}
--- !u!4 &8531728468500318248 stripped
Transform:
  m_CorrespondingSourceObject: {fileID: -8679921383154817045, guid: 73032f91e4b621d44ad70a2f24d9d445, type: 3}
  m_PrefabInstance: {fileID: 8209060103546073027}
  m_PrefabAsset: {fileID: 0}
--- !u!1001 &9127530928963766344
PrefabInstance:
  m_ObjectHideFlags: 0
  serializedVersion: 2
  m_Modification:
    serializedVersion: 3
    m_TransformParent: {fileID: 0}
    m_Modifications:
    - target: {fileID: 3893294197879345259, guid: 64dce48905ffd9b4293e595fa6941544, type: 3}
      propertyPath: m_RootOrder
      value: 4
      objectReference: {fileID: 0}
    - target: {fileID: 3893294197879345259, guid: 64dce48905ffd9b4293e595fa6941544, type: 3}
      propertyPath: m_LocalPosition.x
      value: 0
      objectReference: {fileID: 0}
    - target: {fileID: 3893294197879345259, guid: 64dce48905ffd9b4293e595fa6941544, type: 3}
      propertyPath: m_LocalPosition.y
      value: 0
      objectReference: {fileID: 0}
    - target: {fileID: 3893294197879345259, guid: 64dce48905ffd9b4293e595fa6941544, type: 3}
      propertyPath: m_LocalPosition.z
      value: 0
      objectReference: {fileID: 0}
    - target: {fileID: 3893294197879345259, guid: 64dce48905ffd9b4293e595fa6941544, type: 3}
      propertyPath: m_LocalRotation.w
      value: 1
      objectReference: {fileID: 0}
    - target: {fileID: 3893294197879345259, guid: 64dce48905ffd9b4293e595fa6941544, type: 3}
      propertyPath: m_LocalRotation.x
      value: -0
      objectReference: {fileID: 0}
    - target: {fileID: 3893294197879345259, guid: 64dce48905ffd9b4293e595fa6941544, type: 3}
      propertyPath: m_LocalRotation.y
      value: -0
      objectReference: {fileID: 0}
    - target: {fileID: 3893294197879345259, guid: 64dce48905ffd9b4293e595fa6941544, type: 3}
      propertyPath: m_LocalRotation.z
      value: -0
      objectReference: {fileID: 0}
    - target: {fileID: 3893294197879345259, guid: 64dce48905ffd9b4293e595fa6941544, type: 3}
      propertyPath: m_LocalEulerAnglesHint.x
      value: 0
      objectReference: {fileID: 0}
    - target: {fileID: 3893294197879345259, guid: 64dce48905ffd9b4293e595fa6941544, type: 3}
      propertyPath: m_LocalEulerAnglesHint.y
      value: 0
      objectReference: {fileID: 0}
    - target: {fileID: 3893294197879345259, guid: 64dce48905ffd9b4293e595fa6941544, type: 3}
      propertyPath: m_LocalEulerAnglesHint.z
      value: 0
      objectReference: {fileID: 0}
    - target: {fileID: 4416926081852918481, guid: 64dce48905ffd9b4293e595fa6941544, type: 3}
      propertyPath: m_Name
      value: PlayerArmature Variant
      objectReference: {fileID: 0}
    - target: {fileID: 4416926081852918490, guid: 64dce48905ffd9b4293e595fa6941544, type: 3}
      propertyPath: GroundLayers.m_Bits
      value: 1
      objectReference: {fileID: 0}
    - target: {fileID: 5597113867290821413, guid: 64dce48905ffd9b4293e595fa6941544, type: 3}
      propertyPath: m_Mesh
      value: 
      objectReference: {fileID: 4698152120088058464, guid: 36078ab0369161e49a29d349ae3e0739, type: 3}
    - target: {fileID: 5597113867290821413, guid: 64dce48905ffd9b4293e595fa6941544, type: 3}
      propertyPath: m_SkinnedMotionVectors
      value: 1
      objectReference: {fileID: 0}
    - target: {fileID: 5930158855145388821, guid: 64dce48905ffd9b4293e595fa6941544, type: 3}
      propertyPath: m_IsActive
      value: 1
      objectReference: {fileID: 0}
    - target: {fileID: 6982812146204527121, guid: 64dce48905ffd9b4293e595fa6941544, type: 3}
      propertyPath: m_Avatar
      value: 
      objectReference: {fileID: 9000000, guid: 73032f91e4b621d44ad70a2f24d9d445, type: 3}
    - target: {fileID: 8187455079231382173, guid: 64dce48905ffd9b4293e595fa6941544, type: 3}
      propertyPath: m_IsActive
      value: 0
      objectReference: {fileID: 0}
    m_RemovedComponents: []
    m_RemovedGameObjects: []
    m_AddedGameObjects:
    - targetCorrespondingSourceObject: {fileID: 3893294197879345259, guid: 64dce48905ffd9b4293e595fa6941544, type: 3}
      insertIndex: -1
      addedObject: {fileID: 306047358043795358}
    - targetCorrespondingSourceObject: {fileID: 8002264680419333305, guid: 64dce48905ffd9b4293e595fa6941544, type: 3}
      insertIndex: -1
      addedObject: {fileID: 8531728468500318248}
    m_AddedComponents:
    - targetCorrespondingSourceObject: {fileID: 4416926081852918481, guid: 64dce48905ffd9b4293e595fa6941544, type: 3}
      insertIndex: -1
      addedObject: {fileID: 2605389555935607532}
    - targetCorrespondingSourceObject: {fileID: 4416926081852918481, guid: 64dce48905ffd9b4293e595fa6941544, type: 3}
      insertIndex: -1
      addedObject: {fileID: 5136401649357007589}
  m_SourcePrefab: {fileID: 100100000, guid: 64dce48905ffd9b4293e595fa6941544, type: 3}
--- !u!4 &1271774661722135793 stripped
Transform:
  m_CorrespondingSourceObject: {fileID: 8002264680419333305, guid: 64dce48905ffd9b4293e595fa6941544, type: 3}
  m_PrefabInstance: {fileID: 9127530928963766344}
  m_PrefabAsset: {fileID: 0}
--- !u!1 &4893042092009751193 stripped
GameObject:
  m_CorrespondingSourceObject: {fileID: 4416926081852918481, guid: 64dce48905ffd9b4293e595fa6941544, type: 3}
  m_PrefabInstance: {fileID: 9127530928963766344}
  m_PrefabAsset: {fileID: 0}
--- !u!54 &2605389555935607532
Rigidbody:
  m_ObjectHideFlags: 0
  m_CorrespondingSourceObject: {fileID: 0}
  m_PrefabInstance: {fileID: 0}
  m_PrefabAsset: {fileID: 0}
  m_GameObject: {fileID: 4893042092009751193}
  serializedVersion: 4
  m_Mass: 1
  m_Drag: 0
  m_AngularDrag: 0.05
  m_CenterOfMass: {x: 0, y: 0, z: 0}
  m_InertiaTensor: {x: 1, y: 1, z: 1}
  m_InertiaRotation: {x: 0, y: 0, z: 0, w: 1}
  m_IncludeLayers:
    serializedVersion: 2
    m_Bits: 0
  m_ExcludeLayers:
    serializedVersion: 2
    m_Bits: 0
  m_ImplicitCom: 1
  m_ImplicitTensor: 1
  m_UseGravity: 1
  m_IsKinematic: 1
  m_Interpolate: 0
  m_Constraints: 0
  m_CollisionDetection: 0
--- !u!114 &5136401649357007589
MonoBehaviour:
  m_ObjectHideFlags: 0
  m_CorrespondingSourceObject: {fileID: 0}
  m_PrefabInstance: {fileID: 0}
  m_PrefabAsset: {fileID: 0}
  m_GameObject: {fileID: 4893042092009751193}
  m_Enabled: 1
  m_EditorHideFlags: 0
  m_Script: {fileID: 11500000, guid: dc375214eac9498f9a7e7c63d2b45c3d, type: 3}
  m_Name: 
  m_EditorClassIdentifier: 
  m_ActorTriggerHandler: {fileID: 3138568605938865755}
  m_InteractionKey: 19
  m_OnStartInteract:
    m_PersistentCalls:
      m_Calls: []
--- !u!4 &5236634645909919779 stripped
Transform:
  m_CorrespondingSourceObject: {fileID: 3893294197879345259, guid: 64dce48905ffd9b4293e595fa6941544, type: 3}
  m_PrefabInstance: {fileID: 9127530928963766344}
  m_PrefabAsset: {fileID: 0}
