%YAML 1.1
%TAG !u! tag:unity3d.com,2011:
--- !u!29 &1
OcclusionCullingSettings:
  m_ObjectHideFlags: 0
  serializedVersion: 2
  m_OcclusionBakeSettings:
    smallestOccluder: 5
    smallestHole: 0.25
    backfaceThreshold: 100
  m_SceneGUID: 00000000000000000000000000000000
  m_OcclusionCullingData: {fileID: 0}
--- !u!104 &2
RenderSettings:
  m_ObjectHideFlags: 0
  serializedVersion: 9
  m_Fog: 0
  m_FogColor: {r: 0.5, g: 0.5, b: 0.5, a: 1}
  m_FogMode: 3
  m_FogDensity: 0.01
  m_LinearFogStart: 0
  m_LinearFogEnd: 300
  m_AmbientSkyColor: {r: 0.212, g: 0.227, b: 0.259, a: 1}
  m_AmbientEquatorColor: {r: 0.114, g: 0.125, b: 0.133, a: 1}
  m_AmbientGroundColor: {r: 0.047, g: 0.043, b: 0.035, a: 1}
  m_AmbientIntensity: 1
  m_AmbientMode: 0
  m_SubtractiveShadowColor: {r: 0.42, g: 0.478, b: 0.627, a: 1}
  m_SkyboxMaterial: {fileID: 10304, guid: 0000000000000000f000000000000000, type: 0}
  m_HaloStrength: 0.5
  m_FlareStrength: 1
  m_FlareFadeSpeed: 3
  m_HaloTexture: {fileID: 0}
  m_SpotCookie: {fileID: 10001, guid: 0000000000000000e000000000000000, type: 0}
  m_DefaultReflectionMode: 0
  m_DefaultReflectionResolution: 128
  m_ReflectionBounces: 1
  m_ReflectionIntensity: 1
  m_CustomReflection: {fileID: 0}
  m_Sun: {fileID: 0}
  m_UseRadianceAmbientProbe: 0
--- !u!157 &3
LightmapSettings:
  m_ObjectHideFlags: 0
  serializedVersion: 12
  m_GIWorkflowMode: 1
  m_GISettings:
    serializedVersion: 2
    m_BounceScale: 1
    m_IndirectOutputScale: 1
    m_AlbedoBoost: 1
    m_EnvironmentLightingMode: 0
    m_EnableBakedLightmaps: 1
    m_EnableRealtimeLightmaps: 0
  m_LightmapEditorSettings:
    serializedVersion: 12
    m_Resolution: 2
    m_BakeResolution: 40
    m_AtlasSize: 1024
    m_AO: 0
    m_AOMaxDistance: 1
    m_CompAOExponent: 1
    m_CompAOExponentDirect: 0
    m_ExtractAmbientOcclusion: 0
    m_Padding: 2
    m_LightmapParameters: {fileID: 0}
    m_LightmapsBakeMode: 1
    m_TextureCompression: 1
    m_FinalGather: 0
    m_FinalGatherFiltering: 1
    m_FinalGatherRayCount: 256
    m_ReflectionCompression: 2
    m_MixedBakeMode: 2
    m_BakeBackend: 1
    m_PVRSampling: 1
    m_PVRDirectSampleCount: 32
    m_PVRSampleCount: 512
    m_PVRBounces: 2
    m_PVREnvironmentSampleCount: 256
    m_PVREnvironmentReferencePointCount: 2048
    m_PVRFilteringMode: 1
    m_PVRDenoiserTypeDirect: 1
    m_PVRDenoiserTypeIndirect: 1
    m_PVRDenoiserTypeAO: 1
    m_PVRFilterTypeDirect: 0
    m_PVRFilterTypeIndirect: 0
    m_PVRFilterTypeAO: 0
    m_PVREnvironmentMIS: 1
    m_PVRCulling: 1
    m_PVRFilteringGaussRadiusDirect: 1
    m_PVRFilteringGaussRadiusIndirect: 5
    m_PVRFilteringGaussRadiusAO: 2
    m_PVRFilteringAtrousPositionSigmaDirect: 0.5
    m_PVRFilteringAtrousPositionSigmaIndirect: 2
    m_PVRFilteringAtrousPositionSigmaAO: 1
    m_ExportTrainingData: 0
    m_TrainingDataDestination: TrainingData
    m_LightProbeSampleCountMultiplier: 4
  m_LightingDataAsset: {fileID: 0}
  m_LightingSettings: {fileID: 0}
--- !u!196 &4
NavMeshSettings:
  serializedVersion: 2
  m_ObjectHideFlags: 0
  m_BuildSettings:
    serializedVersion: 3
    agentTypeID: 0
    agentRadius: 0.5
    agentHeight: 2
    agentSlope: 45
    agentClimb: 0.4
    ledgeDropHeight: 0
    maxJumpAcrossDistance: 0
    minRegionArea: 2
    manualCellSize: 0
    cellSize: 0.16666667
    manualTileSize: 0
    tileSize: 256
    buildHeightMesh: 0
    maxJobWorkers: 0
    preserveTilesOutsideBounds: 0
    debug:
      m_Flags: 0
  m_NavMeshData: {fileID: 0}
--- !u!1001 &1821325
PrefabInstance:
  m_ObjectHideFlags: 0
  serializedVersion: 2
  m_Modification:
    serializedVersion: 3
    m_TransformParent: {fileID: 0}
    m_Modifications:
    - target: {fileID: 4510203200862820694, guid: 269b586926d21814996ca513b04350fd, type: 3}
      propertyPath: m_Name
      value: Coin (1)
      objectReference: {fileID: 0}
    - target: {fileID: 7238023092541187360, guid: 269b586926d21814996ca513b04350fd, type: 3}
      propertyPath: m_LocalPosition.x
      value: 3.9
      objectReference: {fileID: 0}
    - target: {fileID: 7238023092541187360, guid: 269b586926d21814996ca513b04350fd, type: 3}
      propertyPath: m_LocalPosition.y
      value: 0
      objectReference: {fileID: 0}
    - target: {fileID: 7238023092541187360, guid: 269b586926d21814996ca513b04350fd, type: 3}
      propertyPath: m_LocalPosition.z
      value: -1.76
      objectReference: {fileID: 0}
    - target: {fileID: 7238023092541187360, guid: 269b586926d21814996ca513b04350fd, type: 3}
      propertyPath: m_LocalRotation.w
      value: 0.7071068
      objectReference: {fileID: 0}
    - target: {fileID: 7238023092541187360, guid: 269b586926d21814996ca513b04350fd, type: 3}
      propertyPath: m_LocalRotation.x
      value: 0.7071068
      objectReference: {fileID: 0}
    - target: {fileID: 7238023092541187360, guid: 269b586926d21814996ca513b04350fd, type: 3}
      propertyPath: m_LocalRotation.y
      value: 0
      objectReference: {fileID: 0}
    - target: {fileID: 7238023092541187360, guid: 269b586926d21814996ca513b04350fd, type: 3}
      propertyPath: m_LocalRotation.z
      value: 0
      objectReference: {fileID: 0}
    - target: {fileID: 7238023092541187360, guid: 269b586926d21814996ca513b04350fd, type: 3}
      propertyPath: m_LocalEulerAnglesHint.x
      value: 90
      objectReference: {fileID: 0}
    - target: {fileID: 7238023092541187360, guid: 269b586926d21814996ca513b04350fd, type: 3}
      propertyPath: m_LocalEulerAnglesHint.y
      value: 0
      objectReference: {fileID: 0}
    - target: {fileID: 7238023092541187360, guid: 269b586926d21814996ca513b04350fd, type: 3}
      propertyPath: m_LocalEulerAnglesHint.z
      value: 0
      objectReference: {fileID: 0}
    m_RemovedComponents: []
    m_RemovedGameObjects: []
    m_AddedGameObjects: []
    m_AddedComponents: []
  m_SourcePrefab: {fileID: 100100000, guid: 269b586926d21814996ca513b04350fd, type: 3}
--- !u!1001 &106373500
PrefabInstance:
  m_ObjectHideFlags: 0
  serializedVersion: 2
  m_Modification:
    serializedVersion: 3
    m_TransformParent: {fileID: 0}
    m_Modifications:
    - target: {fileID: 8143382608046412016, guid: 28577cb80bd608f479d579071aabe4eb, type: 3}
      propertyPath: m_Name
      value: Bandage (6)
      objectReference: {fileID: 0}
    - target: {fileID: 8532908449428668457, guid: 28577cb80bd608f479d579071aabe4eb, type: 3}
      propertyPath: m_LocalPosition.x
      value: -16.864517
      objectReference: {fileID: 0}
    - target: {fileID: 8532908449428668457, guid: 28577cb80bd608f479d579071aabe4eb, type: 3}
      propertyPath: m_LocalPosition.y
      value: 0
      objectReference: {fileID: 0}
    - target: {fileID: 8532908449428668457, guid: 28577cb80bd608f479d579071aabe4eb, type: 3}
      propertyPath: m_LocalPosition.z
      value: 2.716543
      objectReference: {fileID: 0}
    - target: {fileID: 8532908449428668457, guid: 28577cb80bd608f479d579071aabe4eb, type: 3}
      propertyPath: m_LocalRotation.w
      value: 1
      objectReference: {fileID: 0}
    - target: {fileID: 8532908449428668457, guid: 28577cb80bd608f479d579071aabe4eb, type: 3}
      propertyPath: m_LocalRotation.x
      value: 0
      objectReference: {fileID: 0}
    - target: {fileID: 8532908449428668457, guid: 28577cb80bd608f479d579071aabe4eb, type: 3}
      propertyPath: m_LocalRotation.y
      value: 0
      objectReference: {fileID: 0}
    - target: {fileID: 8532908449428668457, guid: 28577cb80bd608f479d579071aabe4eb, type: 3}
      propertyPath: m_LocalRotation.z
      value: 0
      objectReference: {fileID: 0}
    - target: {fileID: 8532908449428668457, guid: 28577cb80bd608f479d579071aabe4eb, type: 3}
      propertyPath: m_LocalEulerAnglesHint.x
      value: 0
      objectReference: {fileID: 0}
    - target: {fileID: 8532908449428668457, guid: 28577cb80bd608f479d579071aabe4eb, type: 3}
      propertyPath: m_LocalEulerAnglesHint.y
      value: 0
      objectReference: {fileID: 0}
    - target: {fileID: 8532908449428668457, guid: 28577cb80bd608f479d579071aabe4eb, type: 3}
      propertyPath: m_LocalEulerAnglesHint.z
      value: 0
      objectReference: {fileID: 0}
    m_RemovedComponents: []
    m_RemovedGameObjects: []
    m_AddedGameObjects: []
    m_AddedComponents: []
  m_SourcePrefab: {fileID: 100100000, guid: 28577cb80bd608f479d579071aabe4eb, type: 3}
--- !u!1 &125807107
GameObject:
  m_ObjectHideFlags: 0
  m_CorrespondingSourceObject: {fileID: 0}
  m_PrefabInstance: {fileID: 0}
  m_PrefabAsset: {fileID: 0}
  serializedVersion: 6
  m_Component:
  - component: {fileID: 125807111}
  - component: {fileID: 125807110}
  - component: {fileID: 125807109}
  - component: {fileID: 125807108}
  m_Layer: 0
  m_Name: Plane
  m_TagString: Untagged
  m_Icon: {fileID: 0}
  m_NavMeshLayer: 0
  m_StaticEditorFlags: 0
  m_IsActive: 1
--- !u!64 &125807108
MeshCollider:
  m_ObjectHideFlags: 0
  m_CorrespondingSourceObject: {fileID: 0}
  m_PrefabInstance: {fileID: 0}
  m_PrefabAsset: {fileID: 0}
  m_GameObject: {fileID: 125807107}
  m_Material: {fileID: 0}
  m_IncludeLayers:
    serializedVersion: 2
    m_Bits: 0
  m_ExcludeLayers:
    serializedVersion: 2
    m_Bits: 0
  m_LayerOverridePriority: 0
  m_IsTrigger: 0
  m_ProvidesContacts: 0
  m_Enabled: 1
  serializedVersion: 5
  m_Convex: 0
  m_CookingOptions: 30
  m_Mesh: {fileID: 10209, guid: 0000000000000000e000000000000000, type: 0}
--- !u!23 &125807109
MeshRenderer:
  m_ObjectHideFlags: 0
  m_CorrespondingSourceObject: {fileID: 0}
  m_PrefabInstance: {fileID: 0}
  m_PrefabAsset: {fileID: 0}
  m_GameObject: {fileID: 125807107}
  m_Enabled: 1
  m_CastShadows: 1
  m_ReceiveShadows: 1
  m_DynamicOccludee: 1
  m_StaticShadowCaster: 0
  m_MotionVectors: 1
  m_LightProbeUsage: 1
  m_ReflectionProbeUsage: 1
  m_RayTracingMode: 2
  m_RayTraceProcedural: 0
  m_RenderingLayerMask: 1
  m_RendererPriority: 0
  m_Materials:
  - {fileID: 2100000, guid: e5c9213078ea37647a7e929211fb5e31, type: 2}
  m_StaticBatchInfo:
    firstSubMesh: 0
    subMeshCount: 0
  m_StaticBatchRoot: {fileID: 0}
  m_ProbeAnchor: {fileID: 0}
  m_LightProbeVolumeOverride: {fileID: 0}
  m_ScaleInLightmap: 1
  m_ReceiveGI: 1
  m_PreserveUVs: 0
  m_IgnoreNormalsForChartDetection: 0
  m_ImportantGI: 0
  m_StitchLightmapSeams: 1
  m_SelectedEditorRenderState: 3
  m_MinimumChartSize: 4
  m_AutoUVMaxDistance: 0.5
  m_AutoUVMaxAngle: 89
  m_LightmapParameters: {fileID: 0}
  m_SortingLayerID: 0
  m_SortingLayer: 0
  m_SortingOrder: 0
  m_AdditionalVertexStreams: {fileID: 0}
--- !u!33 &125807110
MeshFilter:
  m_ObjectHideFlags: 0
  m_CorrespondingSourceObject: {fileID: 0}
  m_PrefabInstance: {fileID: 0}
  m_PrefabAsset: {fileID: 0}
  m_GameObject: {fileID: 125807107}
  m_Mesh: {fileID: 10209, guid: 0000000000000000e000000000000000, type: 0}
--- !u!4 &125807111
Transform:
  m_ObjectHideFlags: 0
  m_CorrespondingSourceObject: {fileID: 0}
  m_PrefabInstance: {fileID: 0}
  m_PrefabAsset: {fileID: 0}
  m_GameObject: {fileID: 125807107}
  serializedVersion: 2
  m_LocalRotation: {x: 0, y: 0, z: 0, w: 1}
  m_LocalPosition: {x: 0, y: -0.5, z: 0}
  m_LocalScale: {x: 100, y: 100, z: 100}
  m_ConstrainProportionsScale: 1
  m_Children: []
  m_Father: {fileID: 0}
  m_LocalEulerAnglesHint: {x: 0, y: 0, z: 0}
--- !u!1001 &131156449
PrefabInstance:
  m_ObjectHideFlags: 0
  serializedVersion: 2
  m_Modification:
    serializedVersion: 3
    m_TransformParent: {fileID: 0}
    m_Modifications:
    - target: {fileID: 4510203200862820694, guid: 269b586926d21814996ca513b04350fd, type: 3}
      propertyPath: m_Name
      value: Coin (2)
      objectReference: {fileID: 0}
    - target: {fileID: 7238023092541187360, guid: 269b586926d21814996ca513b04350fd, type: 3}
      propertyPath: m_LocalPosition.x
      value: -2.24
      objectReference: {fileID: 0}
    - target: {fileID: 7238023092541187360, guid: 269b586926d21814996ca513b04350fd, type: 3}
      propertyPath: m_LocalPosition.y
      value: -0
      objectReference: {fileID: 0}
    - target: {fileID: 7238023092541187360, guid: 269b586926d21814996ca513b04350fd, type: 3}
      propertyPath: m_LocalPosition.z
      value: 7.15
      objectReference: {fileID: 0}
    - target: {fileID: 7238023092541187360, guid: 269b586926d21814996ca513b04350fd, type: 3}
      propertyPath: m_LocalRotation.w
      value: 0.7071068
      objectReference: {fileID: 0}
    - target: {fileID: 7238023092541187360, guid: 269b586926d21814996ca513b04350fd, type: 3}
      propertyPath: m_LocalRotation.x
      value: 0.7071068
      objectReference: {fileID: 0}
    - target: {fileID: 7238023092541187360, guid: 269b586926d21814996ca513b04350fd, type: 3}
      propertyPath: m_LocalRotation.y
      value: 0
      objectReference: {fileID: 0}
    - target: {fileID: 7238023092541187360, guid: 269b586926d21814996ca513b04350fd, type: 3}
      propertyPath: m_LocalRotation.z
      value: 0
      objectReference: {fileID: 0}
    - target: {fileID: 7238023092541187360, guid: 269b586926d21814996ca513b04350fd, type: 3}
      propertyPath: m_LocalEulerAnglesHint.x
      value: 90
      objectReference: {fileID: 0}
    - target: {fileID: 7238023092541187360, guid: 269b586926d21814996ca513b04350fd, type: 3}
      propertyPath: m_LocalEulerAnglesHint.y
      value: 0
      objectReference: {fileID: 0}
    - target: {fileID: 7238023092541187360, guid: 269b586926d21814996ca513b04350fd, type: 3}
      propertyPath: m_LocalEulerAnglesHint.z
      value: 0
      objectReference: {fileID: 0}
    m_RemovedComponents: []
    m_RemovedGameObjects: []
    m_AddedGameObjects: []
    m_AddedComponents: []
  m_SourcePrefab: {fileID: 100100000, guid: 269b586926d21814996ca513b04350fd, type: 3}
--- !u!1 &155958319
GameObject:
  m_ObjectHideFlags: 0
  m_CorrespondingSourceObject: {fileID: 0}
  m_PrefabInstance: {fileID: 0}
  m_PrefabAsset: {fileID: 0}
  serializedVersion: 6
  m_Component:
  - component: {fileID: 155958320}
  - component: {fileID: 155958323}
  - component: {fileID: 155958322}
  - component: {fileID: 155958321}
  m_Layer: 0
  m_Name: Cube
  m_TagString: Untagged
  m_Icon: {fileID: 0}
  m_NavMeshLayer: 0
  m_StaticEditorFlags: 0
  m_IsActive: 1
--- !u!4 &155958320
Transform:
  m_ObjectHideFlags: 0
  m_CorrespondingSourceObject: {fileID: 0}
  m_PrefabInstance: {fileID: 0}
  m_PrefabAsset: {fileID: 0}
  m_GameObject: {fileID: 155958319}
  serializedVersion: 2
  m_LocalRotation: {x: 0, y: 0, z: 0, w: 1}
  m_LocalPosition: {x: 0, y: 0, z: 0}
  m_LocalScale: {x: 1, y: 1, z: 1}
  m_ConstrainProportionsScale: 0
  m_Children: []
  m_Father: {fileID: 1128193870}
  m_LocalEulerAnglesHint: {x: 0, y: 0, z: 0}
--- !u!65 &155958321
BoxCollider:
  m_ObjectHideFlags: 0
  m_CorrespondingSourceObject: {fileID: 0}
  m_PrefabInstance: {fileID: 0}
  m_PrefabAsset: {fileID: 0}
  m_GameObject: {fileID: 155958319}
  m_Material: {fileID: 0}
  m_IncludeLayers:
    serializedVersion: 2
    m_Bits: 0
  m_ExcludeLayers:
    serializedVersion: 2
    m_Bits: 0
  m_LayerOverridePriority: 0
  m_IsTrigger: 1
  m_ProvidesContacts: 0
  m_Enabled: 1
  serializedVersion: 3
  m_Size: {x: 1, y: 1, z: 1}
  m_Center: {x: 0, y: 0, z: 0}
--- !u!23 &155958322
MeshRenderer:
  m_ObjectHideFlags: 0
  m_CorrespondingSourceObject: {fileID: 0}
  m_PrefabInstance: {fileID: 0}
  m_PrefabAsset: {fileID: 0}
  m_GameObject: {fileID: 155958319}
  m_Enabled: 1
  m_CastShadows: 1
  m_ReceiveShadows: 1
  m_DynamicOccludee: 1
  m_StaticShadowCaster: 0
  m_MotionVectors: 1
  m_LightProbeUsage: 1
  m_ReflectionProbeUsage: 1
  m_RayTracingMode: 2
  m_RayTraceProcedural: 0
  m_RenderingLayerMask: 1
  m_RendererPriority: 0
  m_Materials:
  - {fileID: 10303, guid: 0000000000000000f000000000000000, type: 0}
  m_StaticBatchInfo:
    firstSubMesh: 0
    subMeshCount: 0
  m_StaticBatchRoot: {fileID: 0}
  m_ProbeAnchor: {fileID: 0}
  m_LightProbeVolumeOverride: {fileID: 0}
  m_ScaleInLightmap: 1
  m_ReceiveGI: 1
  m_PreserveUVs: 0
  m_IgnoreNormalsForChartDetection: 0
  m_ImportantGI: 0
  m_StitchLightmapSeams: 1
  m_SelectedEditorRenderState: 3
  m_MinimumChartSize: 4
  m_AutoUVMaxDistance: 0.5
  m_AutoUVMaxAngle: 89
  m_LightmapParameters: {fileID: 0}
  m_SortingLayerID: 0
  m_SortingLayer: 0
  m_SortingOrder: 0
  m_AdditionalVertexStreams: {fileID: 0}
--- !u!33 &155958323
MeshFilter:
  m_ObjectHideFlags: 0
  m_CorrespondingSourceObject: {fileID: 0}
  m_PrefabInstance: {fileID: 0}
  m_PrefabAsset: {fileID: 0}
  m_GameObject: {fileID: 155958319}
  m_Mesh: {fileID: 10202, guid: 0000000000000000e000000000000000, type: 0}
--- !u!1 &433961815
GameObject:
  m_ObjectHideFlags: 3
  m_CorrespondingSourceObject: {fileID: 0}
  m_PrefabInstance: {fileID: 0}
  m_PrefabAsset: {fileID: 0}
  serializedVersion: 6
  m_Component:
  - component: {fileID: 433961816}
  - component: {fileID: 433961819}
  - component: {fileID: 433961818}
  - component: {fileID: 433961817}
  m_Layer: 0
  m_Name: cm
  m_TagString: Untagged
  m_Icon: {fileID: 0}
  m_NavMeshLayer: 0
  m_StaticEditorFlags: 0
  m_IsActive: 1
--- !u!4 &433961816
Transform:
  m_ObjectHideFlags: 3
  m_CorrespondingSourceObject: {fileID: 0}
  m_PrefabInstance: {fileID: 0}
  m_PrefabAsset: {fileID: 0}
  m_GameObject: {fileID: 433961815}
  serializedVersion: 2
  m_LocalRotation: {x: -0, y: -0, z: -0, w: 1}
  m_LocalPosition: {x: 0, y: 0, z: 0}
  m_LocalScale: {x: 1, y: 1, z: 1}
  m_ConstrainProportionsScale: 0
  m_Children: []
  m_Father: {fileID: 2116971691}
  m_LocalEulerAnglesHint: {x: 0, y: 0, z: 0}
--- !u!114 &433961817
MonoBehaviour:
  m_ObjectHideFlags: 3
  m_CorrespondingSourceObject: {fileID: 0}
  m_PrefabInstance: {fileID: 0}
  m_PrefabAsset: {fileID: 0}
  m_GameObject: {fileID: 433961815}
  m_Enabled: 1
  m_EditorHideFlags: 0
  m_Script: {fileID: 11500000, guid: fa7155796051b734daa718462081dc5f, type: 3}
  m_Name: 
  m_EditorClassIdentifier: 
  m_BindingMode: 1
  m_FollowOffset: {x: 0, y: 2.1, z: -5.75}
  m_XDamping: 1
  m_YDamping: 1
  m_ZDamping: 1
  m_AngularDampingMode: 0
  m_PitchDamping: 0
  m_YawDamping: 0
  m_RollDamping: 0
  m_AngularDamping: 0
--- !u!114 &433961818
MonoBehaviour:
  m_ObjectHideFlags: 3
  m_CorrespondingSourceObject: {fileID: 0}
  m_PrefabInstance: {fileID: 0}
  m_PrefabAsset: {fileID: 0}
  m_GameObject: {fileID: 433961815}
  m_Enabled: 1
  m_EditorHideFlags: 0
  m_Script: {fileID: 11500000, guid: f4044717213e31446939f7bd49c896ea, type: 3}
  m_Name: 
  m_EditorClassIdentifier: 
  m_TrackedObjectOffset: {x: 0, y: 0, z: 0}
  m_LookaheadTime: 0
  m_LookaheadSmoothing: 0
  m_LookaheadIgnoreY: 0
  m_HorizontalDamping: 0.5
  m_VerticalDamping: 0.5
  m_ScreenX: 0.5
  m_ScreenY: 0.5
  m_DeadZoneWidth: 0
  m_DeadZoneHeight: 0
  m_SoftZoneWidth: 0.8
  m_SoftZoneHeight: 0.8
  m_BiasX: 0
  m_BiasY: 0
  m_CenterOnActivate: 1
--- !u!114 &433961819
MonoBehaviour:
  m_ObjectHideFlags: 3
  m_CorrespondingSourceObject: {fileID: 0}
  m_PrefabInstance: {fileID: 0}
  m_PrefabAsset: {fileID: 0}
  m_GameObject: {fileID: 433961815}
  m_Enabled: 1
  m_EditorHideFlags: 0
  m_Script: {fileID: 11500000, guid: ac0b09e7857660247b1477e93731de29, type: 3}
  m_Name: 
  m_EditorClassIdentifier: 
--- !u!1 &712371511
GameObject:
  m_ObjectHideFlags: 0
  m_CorrespondingSourceObject: {fileID: 0}
  m_PrefabInstance: {fileID: 0}
  m_PrefabAsset: {fileID: 0}
  serializedVersion: 6
  m_Component:
  - component: {fileID: 712371516}
  - component: {fileID: 712371515}
  - component: {fileID: 712371514}
  - component: {fileID: 712371513}
  - component: {fileID: 712371512}
  m_Layer: 0
  m_Name: Cube
  m_TagString: Untagged
  m_Icon: {fileID: 0}
  m_NavMeshLayer: 0
  m_StaticEditorFlags: 0
  m_IsActive: 1
--- !u!114 &712371512
MonoBehaviour:
  m_ObjectHideFlags: 0
  m_CorrespondingSourceObject: {fileID: 0}
  m_PrefabInstance: {fileID: 0}
  m_PrefabAsset: {fileID: 0}
  m_GameObject: {fileID: 712371511}
  m_Enabled: 1
  m_EditorHideFlags: 0
  m_Script: {fileID: 11500000, guid: a9e674ce9f1a6f140ad2cd616f296443, type: 3}
  m_Name: 
  m_EditorClassIdentifier: 
  m_ItemType: 5
--- !u!65 &712371513
BoxCollider:
  m_ObjectHideFlags: 0
  m_CorrespondingSourceObject: {fileID: 0}
  m_PrefabInstance: {fileID: 0}
  m_PrefabAsset: {fileID: 0}
  m_GameObject: {fileID: 712371511}
  m_Material: {fileID: 0}
  m_IncludeLayers:
    serializedVersion: 2
    m_Bits: 0
  m_ExcludeLayers:
    serializedVersion: 2
    m_Bits: 0
  m_LayerOverridePriority: 0
  m_IsTrigger: 1
  m_ProvidesContacts: 0
  m_Enabled: 1
  serializedVersion: 3
  m_Size: {x: 1, y: 1, z: 1}
  m_Center: {x: 0, y: 0, z: 0}
--- !u!23 &712371514
MeshRenderer:
  m_ObjectHideFlags: 0
  m_CorrespondingSourceObject: {fileID: 0}
  m_PrefabInstance: {fileID: 0}
  m_PrefabAsset: {fileID: 0}
  m_GameObject: {fileID: 712371511}
  m_Enabled: 1
  m_CastShadows: 1
  m_ReceiveShadows: 1
  m_DynamicOccludee: 1
  m_StaticShadowCaster: 0
  m_MotionVectors: 1
  m_LightProbeUsage: 1
  m_ReflectionProbeUsage: 1
  m_RayTracingMode: 2
  m_RayTraceProcedural: 0
  m_RenderingLayerMask: 1
  m_RendererPriority: 0
  m_Materials:
  - {fileID: 2100000, guid: b7bea4c90608f854a86206c92815dda9, type: 2}
  m_StaticBatchInfo:
    firstSubMesh: 0
    subMeshCount: 0
  m_StaticBatchRoot: {fileID: 0}
  m_ProbeAnchor: {fileID: 0}
  m_LightProbeVolumeOverride: {fileID: 0}
  m_ScaleInLightmap: 1
  m_ReceiveGI: 1
  m_PreserveUVs: 0
  m_IgnoreNormalsForChartDetection: 0
  m_ImportantGI: 0
  m_StitchLightmapSeams: 1
  m_SelectedEditorRenderState: 3
  m_MinimumChartSize: 4
  m_AutoUVMaxDistance: 0.5
  m_AutoUVMaxAngle: 89
  m_LightmapParameters: {fileID: 0}
  m_SortingLayerID: 0
  m_SortingLayer: 0
  m_SortingOrder: 0
  m_AdditionalVertexStreams: {fileID: 0}
--- !u!33 &712371515
MeshFilter:
  m_ObjectHideFlags: 0
  m_CorrespondingSourceObject: {fileID: 0}
  m_PrefabInstance: {fileID: 0}
  m_PrefabAsset: {fileID: 0}
  m_GameObject: {fileID: 712371511}
  m_Mesh: {fileID: 10202, guid: 0000000000000000e000000000000000, type: 0}
--- !u!4 &712371516
Transform:
  m_ObjectHideFlags: 0
  m_CorrespondingSourceObject: {fileID: 0}
  m_PrefabInstance: {fileID: 0}
  m_PrefabAsset: {fileID: 0}
  m_GameObject: {fileID: 712371511}
  serializedVersion: 2
  m_LocalRotation: {x: 0, y: 0, z: 0, w: 1}
  m_LocalPosition: {x: -36.179832, y: 0, z: 24.49}
  m_LocalScale: {x: 1, y: 1, z: 1}
  m_ConstrainProportionsScale: 0
  m_Children: []
  m_Father: {fileID: 0}
  m_LocalEulerAnglesHint: {x: 0, y: 0, z: 0}
--- !u!1001 &747367966
PrefabInstance:
  m_ObjectHideFlags: 0
  serializedVersion: 2
  m_Modification:
    serializedVersion: 3
    m_TransformParent: {fileID: 0}
    m_Modifications:
    - target: {fileID: 2395542555515660163, guid: ab660f7af9ed75c469f9c0dee2a0d842, type: 3}
      propertyPath: m_LocalPosition.x
      value: 6.24
      objectReference: {fileID: 0}
    - target: {fileID: 2395542555515660163, guid: ab660f7af9ed75c469f9c0dee2a0d842, type: 3}
      propertyPath: m_LocalPosition.y
      value: 0.5
      objectReference: {fileID: 0}
    - target: {fileID: 2395542555515660163, guid: ab660f7af9ed75c469f9c0dee2a0d842, type: 3}
      propertyPath: m_LocalPosition.z
      value: -2.56
      objectReference: {fileID: 0}
    - target: {fileID: 2395542555515660163, guid: ab660f7af9ed75c469f9c0dee2a0d842, type: 3}
      propertyPath: m_LocalRotation.w
      value: 0.92387956
      objectReference: {fileID: 0}
    - target: {fileID: 2395542555515660163, guid: ab660f7af9ed75c469f9c0dee2a0d842, type: 3}
      propertyPath: m_LocalRotation.x
      value: 0
      objectReference: {fileID: 0}
    - target: {fileID: 2395542555515660163, guid: ab660f7af9ed75c469f9c0dee2a0d842, type: 3}
      propertyPath: m_LocalRotation.y
      value: 0
      objectReference: {fileID: 0}
    - target: {fileID: 2395542555515660163, guid: ab660f7af9ed75c469f9c0dee2a0d842, type: 3}
      propertyPath: m_LocalRotation.z
      value: 0.38268343
      objectReference: {fileID: 0}
    - target: {fileID: 2395542555515660163, guid: ab660f7af9ed75c469f9c0dee2a0d842, type: 3}
      propertyPath: m_LocalEulerAnglesHint.x
      value: 0
      objectReference: {fileID: 0}
    - target: {fileID: 2395542555515660163, guid: ab660f7af9ed75c469f9c0dee2a0d842, type: 3}
      propertyPath: m_LocalEulerAnglesHint.y
      value: 0
      objectReference: {fileID: 0}
    - target: {fileID: 2395542555515660163, guid: ab660f7af9ed75c469f9c0dee2a0d842, type: 3}
      propertyPath: m_LocalEulerAnglesHint.z
      value: 45
      objectReference: {fileID: 0}
    - target: {fileID: 2913635201651306369, guid: ab660f7af9ed75c469f9c0dee2a0d842, type: 3}
      propertyPath: m_Name
      value: Diamond (1)
      objectReference: {fileID: 0}
    m_RemovedComponents: []
    m_RemovedGameObjects: []
    m_AddedGameObjects: []
    m_AddedComponents: []
  m_SourcePrefab: {fileID: 100100000, guid: ab660f7af9ed75c469f9c0dee2a0d842, type: 3}
--- !u!1001 &835297360
PrefabInstance:
  m_ObjectHideFlags: 0
  serializedVersion: 2
  m_Modification:
    serializedVersion: 3
    m_TransformParent: {fileID: 0}
    m_Modifications:
    - target: {fileID: 2395542555515660163, guid: ab660f7af9ed75c469f9c0dee2a0d842, type: 3}
      propertyPath: m_LocalScale.z
      value: 0.2
      objectReference: {fileID: 0}
    - target: {fileID: 2395542555515660163, guid: ab660f7af9ed75c469f9c0dee2a0d842, type: 3}
      propertyPath: m_LocalPosition.x
      value: -5.1000004
      objectReference: {fileID: 0}
    - target: {fileID: 2395542555515660163, guid: ab660f7af9ed75c469f9c0dee2a0d842, type: 3}
      propertyPath: m_LocalPosition.y
      value: 0.49999988
      objectReference: {fileID: 0}
    - target: {fileID: 2395542555515660163, guid: ab660f7af9ed75c469f9c0dee2a0d842, type: 3}
      propertyPath: m_LocalPosition.z
      value: 4.2
      objectReference: {fileID: 0}
    - target: {fileID: 2395542555515660163, guid: ab660f7af9ed75c469f9c0dee2a0d842, type: 3}
      propertyPath: m_LocalRotation.w
      value: 0.92387956
      objectReference: {fileID: 0}
    - target: {fileID: 2395542555515660163, guid: ab660f7af9ed75c469f9c0dee2a0d842, type: 3}
      propertyPath: m_LocalRotation.x
      value: -0
      objectReference: {fileID: 0}
    - target: {fileID: 2395542555515660163, guid: ab660f7af9ed75c469f9c0dee2a0d842, type: 3}
      propertyPath: m_LocalRotation.y
      value: -0
      objectReference: {fileID: 0}
    - target: {fileID: 2395542555515660163, guid: ab660f7af9ed75c469f9c0dee2a0d842, type: 3}
      propertyPath: m_LocalRotation.z
      value: 0.38268343
      objectReference: {fileID: 0}
    - target: {fileID: 2395542555515660163, guid: ab660f7af9ed75c469f9c0dee2a0d842, type: 3}
      propertyPath: m_LocalEulerAnglesHint.x
      value: 0
      objectReference: {fileID: 0}
    - target: {fileID: 2395542555515660163, guid: ab660f7af9ed75c469f9c0dee2a0d842, type: 3}
      propertyPath: m_LocalEulerAnglesHint.y
      value: 0
      objectReference: {fileID: 0}
    - target: {fileID: 2395542555515660163, guid: ab660f7af9ed75c469f9c0dee2a0d842, type: 3}
      propertyPath: m_LocalEulerAnglesHint.z
      value: 45
      objectReference: {fileID: 0}
    - target: {fileID: 2913635201651306369, guid: ab660f7af9ed75c469f9c0dee2a0d842, type: 3}
      propertyPath: m_Name
      value: Diamond (4)
      objectReference: {fileID: 0}
    m_RemovedComponents: []
    m_RemovedGameObjects: []
    m_AddedGameObjects: []
    m_AddedComponents: []
  m_SourcePrefab: {fileID: 100100000, guid: ab660f7af9ed75c469f9c0dee2a0d842, type: 3}
--- !u!1 &884212156
GameObject:
  m_ObjectHideFlags: 0
  m_CorrespondingSourceObject: {fileID: 0}
  m_PrefabInstance: {fileID: 0}
  m_PrefabAsset: {fileID: 0}
  serializedVersion: 6
  m_Component:
  - component: {fileID: 884212161}
  - component: {fileID: 884212160}
  - component: {fileID: 884212159}
  - component: {fileID: 884212158}
  - component: {fileID: 884212157}
  m_Layer: 0
  m_Name: Cube (1)
  m_TagString: Untagged
  m_Icon: {fileID: 0}
  m_NavMeshLayer: 0
  m_StaticEditorFlags: 0
  m_IsActive: 1
--- !u!114 &884212157
MonoBehaviour:
  m_ObjectHideFlags: 0
  m_CorrespondingSourceObject: {fileID: 0}
  m_PrefabInstance: {fileID: 0}
  m_PrefabAsset: {fileID: 0}
  m_GameObject: {fileID: 884212156}
  m_Enabled: 1
  m_EditorHideFlags: 0
  m_Script: {fileID: 11500000, guid: a9e674ce9f1a6f140ad2cd616f296443, type: 3}
  m_Name: 
  m_EditorClassIdentifier: 
  m_ItemType: 4
--- !u!65 &884212158
BoxCollider:
  m_ObjectHideFlags: 0
  m_CorrespondingSourceObject: {fileID: 0}
  m_PrefabInstance: {fileID: 0}
  m_PrefabAsset: {fileID: 0}
  m_GameObject: {fileID: 884212156}
  m_Material: {fileID: 0}
  m_IncludeLayers:
    serializedVersion: 2
    m_Bits: 0
  m_ExcludeLayers:
    serializedVersion: 2
    m_Bits: 0
  m_LayerOverridePriority: 0
  m_IsTrigger: 1
  m_ProvidesContacts: 0
  m_Enabled: 1
  serializedVersion: 3
  m_Size: {x: 1, y: 1, z: 1}
  m_Center: {x: 0, y: 0, z: 0}
--- !u!23 &884212159
MeshRenderer:
  m_ObjectHideFlags: 0
  m_CorrespondingSourceObject: {fileID: 0}
  m_PrefabInstance: {fileID: 0}
  m_PrefabAsset: {fileID: 0}
  m_GameObject: {fileID: 884212156}
  m_Enabled: 1
  m_CastShadows: 1
  m_ReceiveShadows: 1
  m_DynamicOccludee: 1
  m_StaticShadowCaster: 0
  m_MotionVectors: 1
  m_LightProbeUsage: 1
  m_ReflectionProbeUsage: 1
  m_RayTracingMode: 2
  m_RayTraceProcedural: 0
  m_RenderingLayerMask: 1
  m_RendererPriority: 0
  m_Materials:
  - {fileID: 2100000, guid: c1f1b4ac88945ce4ebe64580753edbef, type: 2}
  m_StaticBatchInfo:
    firstSubMesh: 0
    subMeshCount: 0
  m_StaticBatchRoot: {fileID: 0}
  m_ProbeAnchor: {fileID: 0}
  m_LightProbeVolumeOverride: {fileID: 0}
  m_ScaleInLightmap: 1
  m_ReceiveGI: 1
  m_PreserveUVs: 0
  m_IgnoreNormalsForChartDetection: 0
  m_ImportantGI: 0
  m_StitchLightmapSeams: 1
  m_SelectedEditorRenderState: 3
  m_MinimumChartSize: 4
  m_AutoUVMaxDistance: 0.5
  m_AutoUVMaxAngle: 89
  m_LightmapParameters: {fileID: 0}
  m_SortingLayerID: 0
  m_SortingLayer: 0
  m_SortingOrder: 0
  m_AdditionalVertexStreams: {fileID: 0}
--- !u!33 &884212160
MeshFilter:
  m_ObjectHideFlags: 0
  m_CorrespondingSourceObject: {fileID: 0}
  m_PrefabInstance: {fileID: 0}
  m_PrefabAsset: {fileID: 0}
  m_GameObject: {fileID: 884212156}
  m_Mesh: {fileID: 10202, guid: 0000000000000000e000000000000000, type: 0}
--- !u!4 &884212161
Transform:
  m_ObjectHideFlags: 0
  m_CorrespondingSourceObject: {fileID: 0}
  m_PrefabInstance: {fileID: 0}
  m_PrefabAsset: {fileID: 0}
  m_GameObject: {fileID: 884212156}
  serializedVersion: 2
  m_LocalRotation: {x: 0, y: 0, z: 0, w: 1}
  m_LocalPosition: {x: -31.57, y: 0, z: 24.47}
  m_LocalScale: {x: 1, y: 1, z: 1}
  m_ConstrainProportionsScale: 0
  m_Children: []
  m_Father: {fileID: 0}
  m_LocalEulerAnglesHint: {x: 0, y: 0, z: 0}
--- !u!1 &1035516770
GameObject:
  m_ObjectHideFlags: 0
  m_CorrespondingSourceObject: {fileID: 0}
  m_PrefabInstance: {fileID: 0}
  m_PrefabAsset: {fileID: 0}
  serializedVersion: 6
  m_Component:
  - component: {fileID: 1035516773}
  - component: {fileID: 1035516772}
  - component: {fileID: 1035516771}
  - component: {fileID: 1035516774}
  m_Layer: 0
  m_Name: Main Camera
  m_TagString: MainCamera
  m_Icon: {fileID: 0}
  m_NavMeshLayer: 0
  m_StaticEditorFlags: 0
  m_IsActive: 1
--- !u!81 &1035516771
AudioListener:
  m_ObjectHideFlags: 0
  m_CorrespondingSourceObject: {fileID: 0}
  m_PrefabInstance: {fileID: 0}
  m_PrefabAsset: {fileID: 0}
  m_GameObject: {fileID: 1035516770}
  m_Enabled: 1
--- !u!20 &1035516772
Camera:
  m_ObjectHideFlags: 0
  m_CorrespondingSourceObject: {fileID: 0}
  m_PrefabInstance: {fileID: 0}
  m_PrefabAsset: {fileID: 0}
  m_GameObject: {fileID: 1035516770}
  m_Enabled: 1
  serializedVersion: 2
  m_ClearFlags: 1
  m_BackGroundColor: {r: 0.19215687, g: 0.3019608, b: 0.4745098, a: 0}
  m_projectionMatrixMode: 1
  m_GateFitMode: 2
  m_FOVAxisMode: 0
  m_Iso: 200
  m_ShutterSpeed: 0.005
  m_Aperture: 16
  m_FocusDistance: 10
  m_FocalLength: 50
  m_BladeCount: 5
  m_Curvature: {x: 2, y: 11}
  m_BarrelClipping: 0.25
  m_Anamorphism: 0
  m_SensorSize: {x: 36, y: 24}
  m_LensShift: {x: 0, y: 0}
  m_NormalizedViewPortRect:
    serializedVersion: 2
    x: 0
    y: 0
    width: 1
    height: 1
  near clip plane: 0.3
  far clip plane: 1000
  field of view: 45
  orthographic: 0
  orthographic size: 5
  m_Depth: -1
  m_CullingMask:
    serializedVersion: 2
    m_Bits: 4294967295
  m_RenderingPath: -1
  m_TargetTexture: {fileID: 0}
  m_TargetDisplay: 0
  m_TargetEye: 3
  m_HDR: 1
  m_AllowMSAA: 1
  m_AllowDynamicResolution: 0
  m_ForceIntoRT: 0
  m_OcclusionCulling: 1
  m_StereoConvergence: 10
  m_StereoSeparation: 0.022
--- !u!4 &1035516773
Transform:
  m_ObjectHideFlags: 0
  m_CorrespondingSourceObject: {fileID: 0}
  m_PrefabInstance: {fileID: 0}
  m_PrefabAsset: {fileID: 0}
  m_GameObject: {fileID: 1035516770}
  serializedVersion: 2
  m_LocalRotation: {x: 0.17419022, y: 0.0000000051922813, z: -9.184864e-10, w: 0.98471206}
  m_LocalPosition: {x: -34, y: 2.6, z: 12.870001}
  m_LocalScale: {x: 1, y: 1, z: 1}
  m_ConstrainProportionsScale: 0
  m_Children: []
  m_Father: {fileID: 0}
  m_LocalEulerAnglesHint: {x: 0, y: 0, z: 0}
--- !u!114 &1035516774
MonoBehaviour:
  m_ObjectHideFlags: 0
  m_CorrespondingSourceObject: {fileID: 0}
  m_PrefabInstance: {fileID: 0}
  m_PrefabAsset: {fileID: 0}
  m_GameObject: {fileID: 1035516770}
  m_Enabled: 1
  m_EditorHideFlags: 0
  m_Script: {fileID: 11500000, guid: 72ece51f2901e7445ab60da3685d6b5f, type: 3}
  m_Name: 
  m_EditorClassIdentifier: 
  m_ShowDebugText: 0
  m_ShowCameraFrustum: 1
  m_IgnoreTimeScale: 0
  m_WorldUpOverride: {fileID: 0}
  m_UpdateMethod: 2
  m_BlendUpdateMethod: 1
  m_DefaultBlend:
    m_Style: 1
    m_Time: 2
    m_CustomCurve:
      serializedVersion: 2
      m_Curve: []
      m_PreInfinity: 2
      m_PostInfinity: 2
      m_RotationOrder: 4
  m_CustomBlends: {fileID: 0}
  m_CameraCutEvent:
    m_PersistentCalls:
      m_Calls: []
  m_CameraActivatedEvent:
    m_PersistentCalls:
      m_Calls: []
--- !u!1001 &1101179708
PrefabInstance:
  m_ObjectHideFlags: 0
  serializedVersion: 2
  m_Modification:
    serializedVersion: 3
    m_TransformParent: {fileID: 0}
    m_Modifications:
    - target: {fileID: 8143382608046412016, guid: 28577cb80bd608f479d579071aabe4eb, type: 3}
      propertyPath: m_Name
      value: Bandage (4)
      objectReference: {fileID: 0}
    - target: {fileID: 8532908449428668457, guid: 28577cb80bd608f479d579071aabe4eb, type: 3}
      propertyPath: m_LocalPosition.x
      value: -15.465336
      objectReference: {fileID: 0}
    - target: {fileID: 8532908449428668457, guid: 28577cb80bd608f479d579071aabe4eb, type: 3}
      propertyPath: m_LocalPosition.y
      value: -0.0000009536743
      objectReference: {fileID: 0}
    - target: {fileID: 8532908449428668457, guid: 28577cb80bd608f479d579071aabe4eb, type: 3}
      propertyPath: m_LocalPosition.z
      value: 1.3325151
      objectReference: {fileID: 0}
    - target: {fileID: 8532908449428668457, guid: 28577cb80bd608f479d579071aabe4eb, type: 3}
      propertyPath: m_LocalRotation.w
      value: 1
      objectReference: {fileID: 0}
    - target: {fileID: 8532908449428668457, guid: 28577cb80bd608f479d579071aabe4eb, type: 3}
      propertyPath: m_LocalRotation.x
      value: 0
      objectReference: {fileID: 0}
    - target: {fileID: 8532908449428668457, guid: 28577cb80bd608f479d579071aabe4eb, type: 3}
      propertyPath: m_LocalRotation.y
      value: 0
      objectReference: {fileID: 0}
    - target: {fileID: 8532908449428668457, guid: 28577cb80bd608f479d579071aabe4eb, type: 3}
      propertyPath: m_LocalRotation.z
      value: 0
      objectReference: {fileID: 0}
    - target: {fileID: 8532908449428668457, guid: 28577cb80bd608f479d579071aabe4eb, type: 3}
      propertyPath: m_LocalEulerAnglesHint.x
      value: 0
      objectReference: {fileID: 0}
    - target: {fileID: 8532908449428668457, guid: 28577cb80bd608f479d579071aabe4eb, type: 3}
      propertyPath: m_LocalEulerAnglesHint.y
      value: 0
      objectReference: {fileID: 0}
    - target: {fileID: 8532908449428668457, guid: 28577cb80bd608f479d579071aabe4eb, type: 3}
      propertyPath: m_LocalEulerAnglesHint.z
      value: 0
      objectReference: {fileID: 0}
    m_RemovedComponents: []
    m_RemovedGameObjects: []
    m_AddedGameObjects: []
    m_AddedComponents: []
  m_SourcePrefab: {fileID: 100100000, guid: 28577cb80bd608f479d579071aabe4eb, type: 3}
--- !u!1 &1128193868
GameObject:
  m_ObjectHideFlags: 0
  m_CorrespondingSourceObject: {fileID: 0}
  m_PrefabInstance: {fileID: 0}
  m_PrefabAsset: {fileID: 0}
  serializedVersion: 6
  m_Component:
  - component: {fileID: 1128193870}
  - component: {fileID: 1128193869}
  m_Layer: 0
  m_Name: Luncher RC
  m_TagString: Untagged
  m_Icon: {fileID: 0}
  m_NavMeshLayer: 0
  m_StaticEditorFlags: 0
  m_IsActive: 1
--- !u!114 &1128193869
MonoBehaviour:
  m_ObjectHideFlags: 0
  m_CorrespondingSourceObject: {fileID: 0}
  m_PrefabInstance: {fileID: 0}
  m_PrefabAsset: {fileID: 0}
  m_GameObject: {fileID: 1128193868}
  m_Enabled: 1
  m_EditorHideFlags: 0
  m_Script: {fileID: 11500000, guid: 96a4df22b73c8cb4c8d49574035d4114, type: 3}
  m_Name: 
  m_EditorClassIdentifier: 
  m_Interval: 1.2
  m_PrefabToBeLaunched: {fileID: 4216263246440318389, guid: 801022c58969a8c4f9d9ff7319ef3f47, type: 3}
  m_Power: 10
--- !u!4 &1128193870
Transform:
  m_ObjectHideFlags: 0
  m_CorrespondingSourceObject: {fileID: 0}
  m_PrefabInstance: {fileID: 0}
  m_PrefabAsset: {fileID: 0}
  m_GameObject: {fileID: 1128193868}
  serializedVersion: 2
  m_LocalRotation: {x: 0, y: 0.7071068, z: 0, w: 0.7071068}
  m_LocalPosition: {x: -12.12, y: 0, z: 12.64}
  m_LocalScale: {x: 1, y: 1, z: 1}
  m_ConstrainProportionsScale: 0
  m_Children:
  - {fileID: 155958320}
  m_Father: {fileID: 0}
  m_LocalEulerAnglesHint: {x: 0, y: 90, z: 0}
--- !u!1001 &1223445265
PrefabInstance:
  m_ObjectHideFlags: 0
  serializedVersion: 2
  m_Modification:
    serializedVersion: 3
    m_TransformParent: {fileID: 0}
    m_Modifications:
    - target: {fileID: 8143382608046412016, guid: 28577cb80bd608f479d579071aabe4eb, type: 3}
      propertyPath: m_Name
      value: Bandage (8)
      objectReference: {fileID: 0}
    - target: {fileID: 8532908449428668457, guid: 28577cb80bd608f479d579071aabe4eb, type: 3}
      propertyPath: m_LocalPosition.x
      value: -18.71022
      objectReference: {fileID: 0}
    - target: {fileID: 8532908449428668457, guid: 28577cb80bd608f479d579071aabe4eb, type: 3}
      propertyPath: m_LocalPosition.y
      value: -0.0000009536743
      objectReference: {fileID: 0}
    - target: {fileID: 8532908449428668457, guid: 28577cb80bd608f479d579071aabe4eb, type: 3}
      propertyPath: m_LocalPosition.z
      value: 1.3652219
      objectReference: {fileID: 0}
    - target: {fileID: 8532908449428668457, guid: 28577cb80bd608f479d579071aabe4eb, type: 3}
      propertyPath: m_LocalRotation.w
      value: 1
      objectReference: {fileID: 0}
    - target: {fileID: 8532908449428668457, guid: 28577cb80bd608f479d579071aabe4eb, type: 3}
      propertyPath: m_LocalRotation.x
      value: 0
      objectReference: {fileID: 0}
    - target: {fileID: 8532908449428668457, guid: 28577cb80bd608f479d579071aabe4eb, type: 3}
      propertyPath: m_LocalRotation.y
      value: 0
      objectReference: {fileID: 0}
    - target: {fileID: 8532908449428668457, guid: 28577cb80bd608f479d579071aabe4eb, type: 3}
      propertyPath: m_LocalRotation.z
      value: 0
      objectReference: {fileID: 0}
    - target: {fileID: 8532908449428668457, guid: 28577cb80bd608f479d579071aabe4eb, type: 3}
      propertyPath: m_LocalEulerAnglesHint.x
      value: 0
      objectReference: {fileID: 0}
    - target: {fileID: 8532908449428668457, guid: 28577cb80bd608f479d579071aabe4eb, type: 3}
      propertyPath: m_LocalEulerAnglesHint.y
      value: 0
      objectReference: {fileID: 0}
    - target: {fileID: 8532908449428668457, guid: 28577cb80bd608f479d579071aabe4eb, type: 3}
      propertyPath: m_LocalEulerAnglesHint.z
      value: 0
      objectReference: {fileID: 0}
    m_RemovedComponents: []
    m_RemovedGameObjects: []
    m_AddedGameObjects: []
    m_AddedComponents: []
  m_SourcePrefab: {fileID: 100100000, guid: 28577cb80bd608f479d579071aabe4eb, type: 3}
--- !u!1 &1228102198
GameObject:
  m_ObjectHideFlags: 0
  m_CorrespondingSourceObject: {fileID: 0}
  m_PrefabInstance: {fileID: 0}
  m_PrefabAsset: {fileID: 0}
  serializedVersion: 6
  m_Component:
  - component: {fileID: 1228102200}
  - component: {fileID: 1228102199}
  m_Layer: 0
  m_Name: Directional Light
  m_TagString: Untagged
  m_Icon: {fileID: 0}
  m_NavMeshLayer: 0
  m_StaticEditorFlags: 0
  m_IsActive: 1
--- !u!108 &1228102199
Light:
  m_ObjectHideFlags: 0
  m_CorrespondingSourceObject: {fileID: 0}
  m_PrefabInstance: {fileID: 0}
  m_PrefabAsset: {fileID: 0}
  m_GameObject: {fileID: 1228102198}
  m_Enabled: 1
  serializedVersion: 10
  m_Type: 1
  m_Shape: 0
  m_Color: {r: 1, g: 0.95686275, b: 0.8392157, a: 1}
  m_Intensity: 1
  m_Range: 10
  m_SpotAngle: 30
  m_InnerSpotAngle: 21.80208
  m_CookieSize: 10
  m_Shadows:
    m_Type: 2
    m_Resolution: -1
    m_CustomResolution: -1
    m_Strength: 1
    m_Bias: 0.05
    m_NormalBias: 0.4
    m_NearPlane: 0.2
    m_CullingMatrixOverride:
      e00: 1
      e01: 0
      e02: 0
      e03: 0
      e10: 0
      e11: 1
      e12: 0
      e13: 0
      e20: 0
      e21: 0
      e22: 1
      e23: 0
      e30: 0
      e31: 0
      e32: 0
      e33: 1
    m_UseCullingMatrixOverride: 0
  m_Cookie: {fileID: 0}
  m_DrawHalo: 0
  m_Flare: {fileID: 0}
  m_RenderMode: 0
  m_CullingMask:
    serializedVersion: 2
    m_Bits: 4294967295
  m_RenderingLayerMask: 1
  m_Lightmapping: 4
  m_LightShadowCasterMode: 0
  m_AreaSize: {x: 1, y: 1}
  m_BounceIntensity: 1
  m_ColorTemperature: 6570
  m_UseColorTemperature: 0
  m_BoundingSphereOverride: {x: 0, y: 0, z: 0, w: 0}
  m_UseBoundingSphereOverride: 0
  m_UseViewFrustumForShadowCasterCull: 1
  m_ShadowRadius: 0
  m_ShadowAngle: 0
--- !u!4 &1228102200
Transform:
  m_ObjectHideFlags: 0
  m_CorrespondingSourceObject: {fileID: 0}
  m_PrefabInstance: {fileID: 0}
  m_PrefabAsset: {fileID: 0}
  m_GameObject: {fileID: 1228102198}
  serializedVersion: 2
  m_LocalRotation: {x: 0.40821788, y: -0.23456968, z: 0.10938163, w: 0.8754261}
  m_LocalPosition: {x: 0, y: 3, z: 0}
  m_LocalScale: {x: 1, y: 1, z: 1}
  m_ConstrainProportionsScale: 0
  m_Children: []
  m_Father: {fileID: 0}
  m_LocalEulerAnglesHint: {x: 50, y: -30, z: 0}
--- !u!1001 &1311839188
PrefabInstance:
  m_ObjectHideFlags: 0
  serializedVersion: 2
  m_Modification:
    serializedVersion: 3
    m_TransformParent: {fileID: 0}
    m_Modifications:
    - target: {fileID: 8143382608046412016, guid: 28577cb80bd608f479d579071aabe4eb, type: 3}
      propertyPath: m_Name
      value: Bandage (3)
      objectReference: {fileID: 0}
    - target: {fileID: 8532908449428668457, guid: 28577cb80bd608f479d579071aabe4eb, type: 3}
      propertyPath: m_LocalPosition.x
      value: -12.904419
      objectReference: {fileID: 0}
    - target: {fileID: 8532908449428668457, guid: 28577cb80bd608f479d579071aabe4eb, type: 3}
      propertyPath: m_LocalPosition.y
      value: -0.0000009536743
      objectReference: {fileID: 0}
    - target: {fileID: 8532908449428668457, guid: 28577cb80bd608f479d579071aabe4eb, type: 3}
      propertyPath: m_LocalPosition.z
      value: 2.5986137
      objectReference: {fileID: 0}
    - target: {fileID: 8532908449428668457, guid: 28577cb80bd608f479d579071aabe4eb, type: 3}
      propertyPath: m_LocalRotation.w
      value: 1
      objectReference: {fileID: 0}
    - target: {fileID: 8532908449428668457, guid: 28577cb80bd608f479d579071aabe4eb, type: 3}
      propertyPath: m_LocalRotation.x
      value: 0
      objectReference: {fileID: 0}
    - target: {fileID: 8532908449428668457, guid: 28577cb80bd608f479d579071aabe4eb, type: 3}
      propertyPath: m_LocalRotation.y
      value: 0
      objectReference: {fileID: 0}
    - target: {fileID: 8532908449428668457, guid: 28577cb80bd608f479d579071aabe4eb, type: 3}
      propertyPath: m_LocalRotation.z
      value: 0
      objectReference: {fileID: 0}
    - target: {fileID: 8532908449428668457, guid: 28577cb80bd608f479d579071aabe4eb, type: 3}
      propertyPath: m_LocalEulerAnglesHint.x
      value: 0
      objectReference: {fileID: 0}
    - target: {fileID: 8532908449428668457, guid: 28577cb80bd608f479d579071aabe4eb, type: 3}
      propertyPath: m_LocalEulerAnglesHint.y
      value: 0
      objectReference: {fileID: 0}
    - target: {fileID: 8532908449428668457, guid: 28577cb80bd608f479d579071aabe4eb, type: 3}
      propertyPath: m_LocalEulerAnglesHint.z
      value: 0
      objectReference: {fileID: 0}
    m_RemovedComponents: []
    m_RemovedGameObjects: []
    m_AddedGameObjects: []
    m_AddedComponents: []
  m_SourcePrefab: {fileID: 100100000, guid: 28577cb80bd608f479d579071aabe4eb, type: 3}
--- !u!1001 &1450917088
PrefabInstance:
  m_ObjectHideFlags: 0
  serializedVersion: 2
  m_Modification:
    serializedVersion: 3
    m_TransformParent: {fileID: 0}
    m_Modifications:
    - target: {fileID: 8143382608046412016, guid: 28577cb80bd608f479d579071aabe4eb, type: 3}
      propertyPath: m_Name
      value: Bandage (7)
      objectReference: {fileID: 0}
    - target: {fileID: 8532908449428668457, guid: 28577cb80bd608f479d579071aabe4eb, type: 3}
      propertyPath: m_LocalPosition.x
      value: -17.256178
      objectReference: {fileID: 0}
    - target: {fileID: 8532908449428668457, guid: 28577cb80bd608f479d579071aabe4eb, type: 3}
      propertyPath: m_LocalPosition.y
      value: -0.0000009536743
      objectReference: {fileID: 0}
    - target: {fileID: 8532908449428668457, guid: 28577cb80bd608f479d579071aabe4eb, type: 3}
      propertyPath: m_LocalPosition.z
      value: 4.9331007
      objectReference: {fileID: 0}
    - target: {fileID: 8532908449428668457, guid: 28577cb80bd608f479d579071aabe4eb, type: 3}
      propertyPath: m_LocalRotation.w
      value: 1
      objectReference: {fileID: 0}
    - target: {fileID: 8532908449428668457, guid: 28577cb80bd608f479d579071aabe4eb, type: 3}
      propertyPath: m_LocalRotation.x
      value: 0
      objectReference: {fileID: 0}
    - target: {fileID: 8532908449428668457, guid: 28577cb80bd608f479d579071aabe4eb, type: 3}
      propertyPath: m_LocalRotation.y
      value: 0
      objectReference: {fileID: 0}
    - target: {fileID: 8532908449428668457, guid: 28577cb80bd608f479d579071aabe4eb, type: 3}
      propertyPath: m_LocalRotation.z
      value: 0
      objectReference: {fileID: 0}
    - target: {fileID: 8532908449428668457, guid: 28577cb80bd608f479d579071aabe4eb, type: 3}
      propertyPath: m_LocalEulerAnglesHint.x
      value: 0
      objectReference: {fileID: 0}
    - target: {fileID: 8532908449428668457, guid: 28577cb80bd608f479d579071aabe4eb, type: 3}
      propertyPath: m_LocalEulerAnglesHint.y
      value: 0
      objectReference: {fileID: 0}
    - target: {fileID: 8532908449428668457, guid: 28577cb80bd608f479d579071aabe4eb, type: 3}
      propertyPath: m_LocalEulerAnglesHint.z
      value: 0
      objectReference: {fileID: 0}
    m_RemovedComponents: []
    m_RemovedGameObjects: []
    m_AddedGameObjects: []
    m_AddedComponents: []
  m_SourcePrefab: {fileID: 100100000, guid: 28577cb80bd608f479d579071aabe4eb, type: 3}
--- !u!1001 &1547662191
PrefabInstance:
  m_ObjectHideFlags: 0
  serializedVersion: 2
  m_Modification:
    serializedVersion: 3
    m_TransformParent: {fileID: 0}
    m_Modifications:
    - target: {fileID: 5638382568918490575, guid: f4b59b806f9615e4ea301a9e3c16f87e, type: 3}
      propertyPath: m_IsKinematic
      value: 0
      objectReference: {fileID: 0}
    - target: {fileID: 6172435326243258937, guid: f4b59b806f9615e4ea301a9e3c16f87e, type: 3}
      propertyPath: m_Name
      value: Capsule Player (RC)
      objectReference: {fileID: 0}
    - target: {fileID: 8526290245482861414, guid: f4b59b806f9615e4ea301a9e3c16f87e, type: 3}
      propertyPath: m_LocalPosition.x
      value: -34
      objectReference: {fileID: 0}
    - target: {fileID: 8526290245482861414, guid: f4b59b806f9615e4ea301a9e3c16f87e, type: 3}
      propertyPath: m_LocalPosition.y
      value: 0.5
      objectReference: {fileID: 0}
    - target: {fileID: 8526290245482861414, guid: f4b59b806f9615e4ea301a9e3c16f87e, type: 3}
      propertyPath: m_LocalPosition.z
      value: 18.62
      objectReference: {fileID: 0}
    - target: {fileID: 8526290245482861414, guid: f4b59b806f9615e4ea301a9e3c16f87e, type: 3}
      propertyPath: m_LocalRotation.w
      value: 1
      objectReference: {fileID: 0}
    - target: {fileID: 8526290245482861414, guid: f4b59b806f9615e4ea301a9e3c16f87e, type: 3}
      propertyPath: m_LocalRotation.x
      value: 0
      objectReference: {fileID: 0}
    - target: {fileID: 8526290245482861414, guid: f4b59b806f9615e4ea301a9e3c16f87e, type: 3}
      propertyPath: m_LocalRotation.y
      value: 0
      objectReference: {fileID: 0}
    - target: {fileID: 8526290245482861414, guid: f4b59b806f9615e4ea301a9e3c16f87e, type: 3}
      propertyPath: m_LocalRotation.z
      value: 0
      objectReference: {fileID: 0}
    - target: {fileID: 8526290245482861414, guid: f4b59b806f9615e4ea301a9e3c16f87e, type: 3}
      propertyPath: m_LocalEulerAnglesHint.x
      value: 0
      objectReference: {fileID: 0}
    - target: {fileID: 8526290245482861414, guid: f4b59b806f9615e4ea301a9e3c16f87e, type: 3}
      propertyPath: m_LocalEulerAnglesHint.y
      value: 0
      objectReference: {fileID: 0}
    - target: {fileID: 8526290245482861414, guid: f4b59b806f9615e4ea301a9e3c16f87e, type: 3}
      propertyPath: m_LocalEulerAnglesHint.z
      value: 0
      objectReference: {fileID: 0}
    m_RemovedComponents: []
    m_RemovedGameObjects: []
    m_AddedGameObjects: []
    m_AddedComponents:
    - targetCorrespondingSourceObject: {fileID: 6172435326243258937, guid: f4b59b806f9615e4ea301a9e3c16f87e, type: 3}
      insertIndex: 4
      addedObject: {fileID: 2125852404}
    - targetCorrespondingSourceObject: {fileID: 6172435326243258937, guid: f4b59b806f9615e4ea301a9e3c16f87e, type: 3}
      insertIndex: -1
      addedObject: {fileID: 2125852406}
    - targetCorrespondingSourceObject: {fileID: 6172435326243258937, guid: f4b59b806f9615e4ea301a9e3c16f87e, type: 3}
      insertIndex: -1
      addedObject: {fileID: 2125852405}
  m_SourcePrefab: {fileID: 100100000, guid: f4b59b806f9615e4ea301a9e3c16f87e, type: 3}
--- !u!1 &1642938270
GameObject:
  m_ObjectHideFlags: 0
  m_CorrespondingSourceObject: {fileID: 0}
  m_PrefabInstance: {fileID: 0}
  m_PrefabAsset: {fileID: 0}
  serializedVersion: 6
  m_Component:
  - component: {fileID: 1642938272}
  - component: {fileID: 1642938271}
  m_Layer: 0
  m_Name: Luncher RTC
  m_TagString: Untagged
  m_Icon: {fileID: 0}
  m_NavMeshLayer: 0
  m_StaticEditorFlags: 0
  m_IsActive: 1
--- !u!114 &1642938271
MonoBehaviour:
  m_ObjectHideFlags: 0
  m_CorrespondingSourceObject: {fileID: 0}
  m_PrefabInstance: {fileID: 0}
  m_PrefabAsset: {fileID: 0}
  m_GameObject: {fileID: 1642938270}
  m_Enabled: 1
  m_EditorHideFlags: 0
  m_Script: {fileID: 11500000, guid: 96a4df22b73c8cb4c8d49574035d4114, type: 3}
  m_Name: 
  m_EditorClassIdentifier: 
  m_Interval: 1.2
  m_PrefabToBeLaunched: {fileID: 4092296295974205046, guid: 0b89a10df0b5b7644aa4d10ba103d622, type: 3}
  m_Power: 20
--- !u!4 &1642938272
Transform:
  m_ObjectHideFlags: 0
  m_CorrespondingSourceObject: {fileID: 0}
  m_PrefabInstance: {fileID: 0}
  m_PrefabAsset: {fileID: 0}
  m_GameObject: {fileID: 1642938270}
  serializedVersion: 2
  m_LocalRotation: {x: 0, y: 0.7071068, z: 0, w: 0.7071068}
  m_LocalPosition: {x: -12.34, y: 0, z: 9.12}
  m_LocalScale: {x: 1, y: 1, z: 1}
  m_ConstrainProportionsScale: 0
  m_Children:
  - {fileID: 1893908033}
  m_Father: {fileID: 0}
  m_LocalEulerAnglesHint: {x: 0, y: 90, z: 0}
--- !u!1001 &1799143817
PrefabInstance:
  m_ObjectHideFlags: 0
  serializedVersion: 2
  m_Modification:
    serializedVersion: 3
    m_TransformParent: {fileID: 0}
    m_Modifications:
    - target: {fileID: 8143382608046412016, guid: 28577cb80bd608f479d579071aabe4eb, type: 3}
      propertyPath: m_Name
      value: Bandage (5)
      objectReference: {fileID: 0}
    - target: {fileID: 8532908449428668457, guid: 28577cb80bd608f479d579071aabe4eb, type: 3}
      propertyPath: m_LocalPosition.x
      value: -12.733204
      objectReference: {fileID: 0}
    - target: {fileID: 8532908449428668457, guid: 28577cb80bd608f479d579071aabe4eb, type: 3}
      propertyPath: m_LocalPosition.y
      value: 0
      objectReference: {fileID: 0}
    - target: {fileID: 8532908449428668457, guid: 28577cb80bd608f479d579071aabe4eb, type: 3}
      propertyPath: m_LocalPosition.z
      value: 0.8566017
      objectReference: {fileID: 0}
    - target: {fileID: 8532908449428668457, guid: 28577cb80bd608f479d579071aabe4eb, type: 3}
      propertyPath: m_LocalRotation.w
      value: 1
      objectReference: {fileID: 0}
    - target: {fileID: 8532908449428668457, guid: 28577cb80bd608f479d579071aabe4eb, type: 3}
      propertyPath: m_LocalRotation.x
      value: 0
      objectReference: {fileID: 0}
    - target: {fileID: 8532908449428668457, guid: 28577cb80bd608f479d579071aabe4eb, type: 3}
      propertyPath: m_LocalRotation.y
      value: 0
      objectReference: {fileID: 0}
    - target: {fileID: 8532908449428668457, guid: 28577cb80bd608f479d579071aabe4eb, type: 3}
      propertyPath: m_LocalRotation.z
      value: 0
      objectReference: {fileID: 0}
    - target: {fileID: 8532908449428668457, guid: 28577cb80bd608f479d579071aabe4eb, type: 3}
      propertyPath: m_LocalEulerAnglesHint.x
      value: 0
      objectReference: {fileID: 0}
    - target: {fileID: 8532908449428668457, guid: 28577cb80bd608f479d579071aabe4eb, type: 3}
      propertyPath: m_LocalEulerAnglesHint.y
      value: 0
      objectReference: {fileID: 0}
    - target: {fileID: 8532908449428668457, guid: 28577cb80bd608f479d579071aabe4eb, type: 3}
      propertyPath: m_LocalEulerAnglesHint.z
      value: 0
      objectReference: {fileID: 0}
    m_RemovedComponents: []
    m_RemovedGameObjects: []
    m_AddedGameObjects: []
    m_AddedComponents: []
  m_SourcePrefab: {fileID: 100100000, guid: 28577cb80bd608f479d579071aabe4eb, type: 3}
--- !u!1 &1893908032
GameObject:
  m_ObjectHideFlags: 0
  m_CorrespondingSourceObject: {fileID: 0}
  m_PrefabInstance: {fileID: 0}
  m_PrefabAsset: {fileID: 0}
  serializedVersion: 6
  m_Component:
  - component: {fileID: 1893908033}
  - component: {fileID: 1893908036}
  - component: {fileID: 1893908035}
  - component: {fileID: 1893908034}
  m_Layer: 0
  m_Name: Cube
  m_TagString: Untagged
  m_Icon: {fileID: 0}
  m_NavMeshLayer: 0
  m_StaticEditorFlags: 0
  m_IsActive: 1
--- !u!4 &1893908033
Transform:
  m_ObjectHideFlags: 0
  m_CorrespondingSourceObject: {fileID: 0}
  m_PrefabInstance: {fileID: 0}
  m_PrefabAsset: {fileID: 0}
  m_GameObject: {fileID: 1893908032}
  serializedVersion: 2
  m_LocalRotation: {x: 0, y: 0, z: 0, w: 1}
  m_LocalPosition: {x: 0, y: 0, z: 0}
  m_LocalScale: {x: 1, y: 1, z: 1}
  m_ConstrainProportionsScale: 0
  m_Children: []
  m_Father: {fileID: 1642938272}
  m_LocalEulerAnglesHint: {x: 0, y: 0, z: 0}
--- !u!65 &1893908034
BoxCollider:
  m_ObjectHideFlags: 0
  m_CorrespondingSourceObject: {fileID: 0}
  m_PrefabInstance: {fileID: 0}
  m_PrefabAsset: {fileID: 0}
  m_GameObject: {fileID: 1893908032}
  m_Material: {fileID: 0}
  m_IncludeLayers:
    serializedVersion: 2
    m_Bits: 0
  m_ExcludeLayers:
    serializedVersion: 2
    m_Bits: 0
  m_LayerOverridePriority: 0
  m_IsTrigger: 1
  m_ProvidesContacts: 0
  m_Enabled: 1
  serializedVersion: 3
  m_Size: {x: 1, y: 1, z: 1}
  m_Center: {x: 0, y: 0, z: 0}
--- !u!23 &1893908035
MeshRenderer:
  m_ObjectHideFlags: 0
  m_CorrespondingSourceObject: {fileID: 0}
  m_PrefabInstance: {fileID: 0}
  m_PrefabAsset: {fileID: 0}
  m_GameObject: {fileID: 1893908032}
  m_Enabled: 1
  m_CastShadows: 1
  m_ReceiveShadows: 1
  m_DynamicOccludee: 1
  m_StaticShadowCaster: 0
  m_MotionVectors: 1
  m_LightProbeUsage: 1
  m_ReflectionProbeUsage: 1
  m_RayTracingMode: 2
  m_RayTraceProcedural: 0
  m_RenderingLayerMask: 1
  m_RendererPriority: 0
  m_Materials:
  - {fileID: 10303, guid: 0000000000000000f000000000000000, type: 0}
  m_StaticBatchInfo:
    firstSubMesh: 0
    subMeshCount: 0
  m_StaticBatchRoot: {fileID: 0}
  m_ProbeAnchor: {fileID: 0}
  m_LightProbeVolumeOverride: {fileID: 0}
  m_ScaleInLightmap: 1
  m_ReceiveGI: 1
  m_PreserveUVs: 0
  m_IgnoreNormalsForChartDetection: 0
  m_ImportantGI: 0
  m_StitchLightmapSeams: 1
  m_SelectedEditorRenderState: 3
  m_MinimumChartSize: 4
  m_AutoUVMaxDistance: 0.5
  m_AutoUVMaxAngle: 89
  m_LightmapParameters: {fileID: 0}
  m_SortingLayerID: 0
  m_SortingLayer: 0
  m_SortingOrder: 0
  m_AdditionalVertexStreams: {fileID: 0}
--- !u!33 &1893908036
MeshFilter:
  m_ObjectHideFlags: 0
  m_CorrespondingSourceObject: {fileID: 0}
  m_PrefabInstance: {fileID: 0}
  m_PrefabAsset: {fileID: 0}
  m_GameObject: {fileID: 1893908032}
  m_Mesh: {fileID: 10202, guid: 0000000000000000e000000000000000, type: 0}
--- !u!1001 &1901238191
PrefabInstance:
  m_ObjectHideFlags: 0
  serializedVersion: 2
  m_Modification:
    serializedVersion: 3
    m_TransformParent: {fileID: 0}
    m_Modifications:
    - target: {fileID: 8143382608046412016, guid: 28577cb80bd608f479d579071aabe4eb, type: 3}
      propertyPath: m_Name
      value: Bandage (2)
      objectReference: {fileID: 0}
    - target: {fileID: 8532908449428668457, guid: 28577cb80bd608f479d579071aabe4eb, type: 3}
      propertyPath: m_LocalPosition.x
      value: -14.814965
      objectReference: {fileID: 0}
    - target: {fileID: 8532908449428668457, guid: 28577cb80bd608f479d579071aabe4eb, type: 3}
      propertyPath: m_LocalPosition.y
      value: 0
      objectReference: {fileID: 0}
    - target: {fileID: 8532908449428668457, guid: 28577cb80bd608f479d579071aabe4eb, type: 3}
      propertyPath: m_LocalPosition.z
      value: 3.2261684
      objectReference: {fileID: 0}
    - target: {fileID: 8532908449428668457, guid: 28577cb80bd608f479d579071aabe4eb, type: 3}
      propertyPath: m_LocalRotation.w
      value: 1
      objectReference: {fileID: 0}
    - target: {fileID: 8532908449428668457, guid: 28577cb80bd608f479d579071aabe4eb, type: 3}
      propertyPath: m_LocalRotation.x
      value: 0
      objectReference: {fileID: 0}
    - target: {fileID: 8532908449428668457, guid: 28577cb80bd608f479d579071aabe4eb, type: 3}
      propertyPath: m_LocalRotation.y
      value: 0
      objectReference: {fileID: 0}
    - target: {fileID: 8532908449428668457, guid: 28577cb80bd608f479d579071aabe4eb, type: 3}
      propertyPath: m_LocalRotation.z
      value: 0
      objectReference: {fileID: 0}
    - target: {fileID: 8532908449428668457, guid: 28577cb80bd608f479d579071aabe4eb, type: 3}
      propertyPath: m_LocalEulerAnglesHint.x
      value: 0
      objectReference: {fileID: 0}
    - target: {fileID: 8532908449428668457, guid: 28577cb80bd608f479d579071aabe4eb, type: 3}
      propertyPath: m_LocalEulerAnglesHint.y
      value: 0
      objectReference: {fileID: 0}
    - target: {fileID: 8532908449428668457, guid: 28577cb80bd608f479d579071aabe4eb, type: 3}
      propertyPath: m_LocalEulerAnglesHint.z
      value: 0
      objectReference: {fileID: 0}
    m_RemovedComponents: []
    m_RemovedGameObjects: []
    m_AddedGameObjects: []
    m_AddedComponents: []
  m_SourcePrefab: {fileID: 100100000, guid: 28577cb80bd608f479d579071aabe4eb, type: 3}
--- !u!1001 &1914310002
PrefabInstance:
  m_ObjectHideFlags: 0
  serializedVersion: 2
  m_Modification:
    serializedVersion: 3
    m_TransformParent: {fileID: 0}
    m_Modifications:
    - target: {fileID: 2395542555515660163, guid: ab660f7af9ed75c469f9c0dee2a0d842, type: 3}
      propertyPath: m_LocalPosition.x
      value: 0
      objectReference: {fileID: 0}
    - target: {fileID: 2395542555515660163, guid: ab660f7af9ed75c469f9c0dee2a0d842, type: 3}
      propertyPath: m_LocalPosition.y
      value: 0.5
      objectReference: {fileID: 0}
    - target: {fileID: 2395542555515660163, guid: ab660f7af9ed75c469f9c0dee2a0d842, type: 3}
      propertyPath: m_LocalPosition.z
      value: -4.28
      objectReference: {fileID: 0}
    - target: {fileID: 2395542555515660163, guid: ab660f7af9ed75c469f9c0dee2a0d842, type: 3}
      propertyPath: m_LocalRotation.w
      value: 0.92387956
      objectReference: {fileID: 0}
    - target: {fileID: 2395542555515660163, guid: ab660f7af9ed75c469f9c0dee2a0d842, type: 3}
      propertyPath: m_LocalRotation.x
      value: 0
      objectReference: {fileID: 0}
    - target: {fileID: 2395542555515660163, guid: ab660f7af9ed75c469f9c0dee2a0d842, type: 3}
      propertyPath: m_LocalRotation.y
      value: 0
      objectReference: {fileID: 0}
    - target: {fileID: 2395542555515660163, guid: ab660f7af9ed75c469f9c0dee2a0d842, type: 3}
      propertyPath: m_LocalRotation.z
      value: 0.38268343
      objectReference: {fileID: 0}
    - target: {fileID: 2395542555515660163, guid: ab660f7af9ed75c469f9c0dee2a0d842, type: 3}
      propertyPath: m_LocalEulerAnglesHint.x
      value: 0
      objectReference: {fileID: 0}
    - target: {fileID: 2395542555515660163, guid: ab660f7af9ed75c469f9c0dee2a0d842, type: 3}
      propertyPath: m_LocalEulerAnglesHint.y
      value: 0
      objectReference: {fileID: 0}
    - target: {fileID: 2395542555515660163, guid: ab660f7af9ed75c469f9c0dee2a0d842, type: 3}
      propertyPath: m_LocalEulerAnglesHint.z
      value: 45
      objectReference: {fileID: 0}
    - target: {fileID: 2913635201651306369, guid: ab660f7af9ed75c469f9c0dee2a0d842, type: 3}
      propertyPath: m_Name
      value: Diamond (2)
      objectReference: {fileID: 0}
    m_RemovedComponents: []
    m_RemovedGameObjects: []
    m_AddedGameObjects: []
    m_AddedComponents: []
  m_SourcePrefab: {fileID: 100100000, guid: ab660f7af9ed75c469f9c0dee2a0d842, type: 3}
--- !u!1001 &1915147576
PrefabInstance:
  m_ObjectHideFlags: 0
  serializedVersion: 2
  m_Modification:
    serializedVersion: 3
    m_TransformParent: {fileID: 0}
    m_Modifications:
    - target: {fileID: 150388375573703045, guid: 88f25af51d16b95469c80db202585047, type: 3}
      propertyPath: m_LocalPosition.x
      value: -3.46
      objectReference: {fileID: 0}
    - target: {fileID: 150388375573703045, guid: 88f25af51d16b95469c80db202585047, type: 3}
      propertyPath: m_LocalPosition.y
      value: 0.5
      objectReference: {fileID: 0}
    - target: {fileID: 150388375573703045, guid: 88f25af51d16b95469c80db202585047, type: 3}
      propertyPath: m_LocalPosition.z
      value: 1.9
      objectReference: {fileID: 0}
    - target: {fileID: 150388375573703045, guid: 88f25af51d16b95469c80db202585047, type: 3}
      propertyPath: m_LocalRotation.w
      value: 0.7071068
      objectReference: {fileID: 0}
    - target: {fileID: 150388375573703045, guid: 88f25af51d16b95469c80db202585047, type: 3}
      propertyPath: m_LocalRotation.x
      value: 0.7071068
      objectReference: {fileID: 0}
    - target: {fileID: 150388375573703045, guid: 88f25af51d16b95469c80db202585047, type: 3}
      propertyPath: m_LocalRotation.y
      value: 0
      objectReference: {fileID: 0}
    - target: {fileID: 150388375573703045, guid: 88f25af51d16b95469c80db202585047, type: 3}
      propertyPath: m_LocalRotation.z
      value: 0
      objectReference: {fileID: 0}
    - target: {fileID: 150388375573703045, guid: 88f25af51d16b95469c80db202585047, type: 3}
      propertyPath: m_LocalEulerAnglesHint.x
      value: 90
      objectReference: {fileID: 0}
    - target: {fileID: 150388375573703045, guid: 88f25af51d16b95469c80db202585047, type: 3}
      propertyPath: m_LocalEulerAnglesHint.y
      value: 0
      objectReference: {fileID: 0}
    - target: {fileID: 150388375573703045, guid: 88f25af51d16b95469c80db202585047, type: 3}
      propertyPath: m_LocalEulerAnglesHint.z
      value: 0
      objectReference: {fileID: 0}
    - target: {fileID: 2998898241434573943, guid: 88f25af51d16b95469c80db202585047, type: 3}
      propertyPath: m_Name
      value: BigCoin (1)
      objectReference: {fileID: 0}
    m_RemovedComponents: []
    m_RemovedGameObjects: []
    m_AddedGameObjects: []
    m_AddedComponents: []
  m_SourcePrefab: {fileID: 100100000, guid: 88f25af51d16b95469c80db202585047, type: 3}
--- !u!1001 &1927781695
PrefabInstance:
  m_ObjectHideFlags: 0
  serializedVersion: 2
  m_Modification:
    serializedVersion: 3
    m_TransformParent: {fileID: 0}
    m_Modifications:
    - target: {fileID: 4510203200862820694, guid: 269b586926d21814996ca513b04350fd, type: 3}
      propertyPath: m_Name
      value: Coin (3)
      objectReference: {fileID: 0}
    - target: {fileID: 7238023092541187360, guid: 269b586926d21814996ca513b04350fd, type: 3}
      propertyPath: m_LocalPosition.x
      value: 6.96
      objectReference: {fileID: 0}
    - target: {fileID: 7238023092541187360, guid: 269b586926d21814996ca513b04350fd, type: 3}
      propertyPath: m_LocalPosition.y
      value: -0
      objectReference: {fileID: 0}
    - target: {fileID: 7238023092541187360, guid: 269b586926d21814996ca513b04350fd, type: 3}
      propertyPath: m_LocalPosition.z
      value: 3.48
      objectReference: {fileID: 0}
    - target: {fileID: 7238023092541187360, guid: 269b586926d21814996ca513b04350fd, type: 3}
      propertyPath: m_LocalRotation.w
      value: 0.7071068
      objectReference: {fileID: 0}
    - target: {fileID: 7238023092541187360, guid: 269b586926d21814996ca513b04350fd, type: 3}
      propertyPath: m_LocalRotation.x
      value: 0.7071068
      objectReference: {fileID: 0}
    - target: {fileID: 7238023092541187360, guid: 269b586926d21814996ca513b04350fd, type: 3}
      propertyPath: m_LocalRotation.y
      value: 0
      objectReference: {fileID: 0}
    - target: {fileID: 7238023092541187360, guid: 269b586926d21814996ca513b04350fd, type: 3}
      propertyPath: m_LocalRotation.z
      value: 0
      objectReference: {fileID: 0}
    - target: {fileID: 7238023092541187360, guid: 269b586926d21814996ca513b04350fd, type: 3}
      propertyPath: m_LocalEulerAnglesHint.x
      value: 90
      objectReference: {fileID: 0}
    - target: {fileID: 7238023092541187360, guid: 269b586926d21814996ca513b04350fd, type: 3}
      propertyPath: m_LocalEulerAnglesHint.y
      value: 0
      objectReference: {fileID: 0}
    - target: {fileID: 7238023092541187360, guid: 269b586926d21814996ca513b04350fd, type: 3}
      propertyPath: m_LocalEulerAnglesHint.z
      value: 0
      objectReference: {fileID: 0}
    m_RemovedComponents: []
    m_RemovedGameObjects: []
    m_AddedGameObjects: []
    m_AddedComponents: []
  m_SourcePrefab: {fileID: 100100000, guid: 269b586926d21814996ca513b04350fd, type: 3}
--- !u!1001 &2020159831
PrefabInstance:
  m_ObjectHideFlags: 0
  serializedVersion: 2
  m_Modification:
    serializedVersion: 3
    m_TransformParent: {fileID: 0}
    m_Modifications:
    - target: {fileID: 4510203200862820694, guid: 269b586926d21814996ca513b04350fd, type: 3}
      propertyPath: m_Name
      value: Coin (4)
      objectReference: {fileID: 0}
    - target: {fileID: 7238023092541187360, guid: 269b586926d21814996ca513b04350fd, type: 3}
      propertyPath: m_LocalPosition.x
      value: -4.05
      objectReference: {fileID: 0}
    - target: {fileID: 7238023092541187360, guid: 269b586926d21814996ca513b04350fd, type: 3}
      propertyPath: m_LocalPosition.y
      value: 0
      objectReference: {fileID: 0}
    - target: {fileID: 7238023092541187360, guid: 269b586926d21814996ca513b04350fd, type: 3}
      propertyPath: m_LocalPosition.z
      value: -0.25
      objectReference: {fileID: 0}
    - target: {fileID: 7238023092541187360, guid: 269b586926d21814996ca513b04350fd, type: 3}
      propertyPath: m_LocalRotation.w
      value: 0.7071068
      objectReference: {fileID: 0}
    - target: {fileID: 7238023092541187360, guid: 269b586926d21814996ca513b04350fd, type: 3}
      propertyPath: m_LocalRotation.x
      value: 0.7071068
      objectReference: {fileID: 0}
    - target: {fileID: 7238023092541187360, guid: 269b586926d21814996ca513b04350fd, type: 3}
      propertyPath: m_LocalRotation.y
      value: 0
      objectReference: {fileID: 0}
    - target: {fileID: 7238023092541187360, guid: 269b586926d21814996ca513b04350fd, type: 3}
      propertyPath: m_LocalRotation.z
      value: 0
      objectReference: {fileID: 0}
    - target: {fileID: 7238023092541187360, guid: 269b586926d21814996ca513b04350fd, type: 3}
      propertyPath: m_LocalEulerAnglesHint.x
      value: 90
      objectReference: {fileID: 0}
    - target: {fileID: 7238023092541187360, guid: 269b586926d21814996ca513b04350fd, type: 3}
      propertyPath: m_LocalEulerAnglesHint.y
      value: 0
      objectReference: {fileID: 0}
    - target: {fileID: 7238023092541187360, guid: 269b586926d21814996ca513b04350fd, type: 3}
      propertyPath: m_LocalEulerAnglesHint.z
      value: 0
      objectReference: {fileID: 0}
    m_RemovedComponents: []
    m_RemovedGameObjects: []
    m_AddedGameObjects: []
    m_AddedComponents: []
  m_SourcePrefab: {fileID: 100100000, guid: 269b586926d21814996ca513b04350fd, type: 3}
--- !u!1001 &2087661701
PrefabInstance:
  m_ObjectHideFlags: 0
  serializedVersion: 2
  m_Modification:
    serializedVersion: 3
    m_TransformParent: {fileID: 0}
    m_Modifications:
    - target: {fileID: 8143382608046412016, guid: 28577cb80bd608f479d579071aabe4eb, type: 3}
      propertyPath: m_Name
      value: Bandage (1)
      objectReference: {fileID: 0}
    - target: {fileID: 8532908449428668457, guid: 28577cb80bd608f479d579071aabe4eb, type: 3}
      propertyPath: m_LocalPosition.x
      value: -15.02
      objectReference: {fileID: 0}
    - target: {fileID: 8532908449428668457, guid: 28577cb80bd608f479d579071aabe4eb, type: 3}
      propertyPath: m_LocalPosition.y
      value: -0.0000009536743
      objectReference: {fileID: 0}
    - target: {fileID: 8532908449428668457, guid: 28577cb80bd608f479d579071aabe4eb, type: 3}
      propertyPath: m_LocalPosition.z
      value: 6.53
      objectReference: {fileID: 0}
    - target: {fileID: 8532908449428668457, guid: 28577cb80bd608f479d579071aabe4eb, type: 3}
      propertyPath: m_LocalRotation.w
      value: 1
      objectReference: {fileID: 0}
    - target: {fileID: 8532908449428668457, guid: 28577cb80bd608f479d579071aabe4eb, type: 3}
      propertyPath: m_LocalRotation.x
      value: 0
      objectReference: {fileID: 0}
    - target: {fileID: 8532908449428668457, guid: 28577cb80bd608f479d579071aabe4eb, type: 3}
      propertyPath: m_LocalRotation.y
      value: 0
      objectReference: {fileID: 0}
    - target: {fileID: 8532908449428668457, guid: 28577cb80bd608f479d579071aabe4eb, type: 3}
      propertyPath: m_LocalRotation.z
      value: 0
      objectReference: {fileID: 0}
    - target: {fileID: 8532908449428668457, guid: 28577cb80bd608f479d579071aabe4eb, type: 3}
      propertyPath: m_LocalEulerAnglesHint.x
      value: 0
      objectReference: {fileID: 0}
    - target: {fileID: 8532908449428668457, guid: 28577cb80bd608f479d579071aabe4eb, type: 3}
      propertyPath: m_LocalEulerAnglesHint.y
      value: 0
      objectReference: {fileID: 0}
    - target: {fileID: 8532908449428668457, guid: 28577cb80bd608f479d579071aabe4eb, type: 3}
      propertyPath: m_LocalEulerAnglesHint.z
      value: 0
      objectReference: {fileID: 0}
    m_RemovedComponents: []
    m_RemovedGameObjects: []
    m_AddedGameObjects: []
    m_AddedComponents: []
  m_SourcePrefab: {fileID: 100100000, guid: 28577cb80bd608f479d579071aabe4eb, type: 3}
--- !u!1 &2116971689
GameObject:
  m_ObjectHideFlags: 0
  m_CorrespondingSourceObject: {fileID: 0}
  m_PrefabInstance: {fileID: 0}
  m_PrefabAsset: {fileID: 0}
  serializedVersion: 6
  m_Component:
  - component: {fileID: 2116971691}
  - component: {fileID: 2116971690}
  m_Layer: 0
  m_Name: Virtual Camera
  m_TagString: Untagged
  m_Icon: {fileID: 0}
  m_NavMeshLayer: 0
  m_StaticEditorFlags: 0
  m_IsActive: 1
--- !u!114 &2116971690
MonoBehaviour:
  m_ObjectHideFlags: 0
  m_CorrespondingSourceObject: {fileID: 0}
  m_PrefabInstance: {fileID: 0}
  m_PrefabAsset: {fileID: 0}
  m_GameObject: {fileID: 2116971689}
  m_Enabled: 1
  m_EditorHideFlags: 0
  m_Script: {fileID: 11500000, guid: 45e653bab7fb20e499bda25e1b646fea, type: 3}
  m_Name: 
  m_EditorClassIdentifier: 
  m_ExcludedPropertiesInInspector:
  - m_Script
  m_LockStageInInspector: 
  m_StreamingVersion: 20170927
  m_Priority: 10
  m_StandbyUpdate: 2
  m_LookAt: {fileID: 2125852396}
  m_Follow: {fileID: 2125852396}
  m_Lens:
    FieldOfView: 45
    OrthographicSize: 5
    NearClipPlane: 0.3
    FarClipPlane: 1000
    Dutch: 0
    ModeOverride: 0
    LensShift: {x: 0, y: 0}
    GateFit: 2
    FocusDistance: 10
    m_SensorSize: {x: 1, y: 1}
  m_Transitions:
    m_BlendHint: 0
    m_InheritPosition: 0
    m_OnCameraLive:
      m_PersistentCalls:
        m_Calls: []
  m_LegacyBlendHint: 0
  m_ComponentOwner: {fileID: 433961816}
--- !u!4 &2116971691
Transform:
  m_ObjectHideFlags: 0
  m_CorrespondingSourceObject: {fileID: 0}
  m_PrefabInstance: {fileID: 0}
  m_PrefabAsset: {fileID: 0}
  m_GameObject: {fileID: 2116971689}
  serializedVersion: 2
  m_LocalRotation: {x: 0.1741902, y: 0.0000000051922804, z: -9.1848573e-10, w: 0.98471206}
  m_LocalPosition: {x: -34, y: 2.6, z: 12.870001}
  m_LocalScale: {x: 1, y: 1, z: 1}
  m_ConstrainProportionsScale: 0
  m_Children:
  - {fileID: 433961816}
  m_Father: {fileID: 0}
  m_LocalEulerAnglesHint: {x: 0, y: 0, z: 0}
--- !u!1 &2125852395 stripped
GameObject:
  m_CorrespondingSourceObject: {fileID: 6172435326243258937, guid: f4b59b806f9615e4ea301a9e3c16f87e, type: 3}
  m_PrefabInstance: {fileID: 1547662191}
  m_PrefabAsset: {fileID: 0}
--- !u!4 &2125852396 stripped
Transform:
  m_CorrespondingSourceObject: {fileID: 8526290245482861414, guid: f4b59b806f9615e4ea301a9e3c16f87e, type: 3}
  m_PrefabInstance: {fileID: 1547662191}
  m_PrefabAsset: {fileID: 0}
--- !u!114 &2125852404
MonoBehaviour:
  m_ObjectHideFlags: 0
  m_CorrespondingSourceObject: {fileID: 0}
  m_PrefabInstance: {fileID: 0}
  m_PrefabAsset: {fileID: 0}
  m_GameObject: {fileID: 2125852395}
  m_Enabled: 1
  m_EditorHideFlags: 0
  m_Script: {fileID: 11500000, guid: f21d7d26c4dba794db71ec0819660ba0, type: 3}
  m_Name: 
  m_EditorClassIdentifier: 
  m_ItemInventory: []
--- !u!114 &2125852405
MonoBehaviour:
  m_ObjectHideFlags: 0
  m_CorrespondingSourceObject: {fileID: 0}
  m_PrefabInstance: {fileID: 0}
  m_PrefabAsset: {fileID: 0}
  m_GameObject: {fileID: 2125852395}
  m_Enabled: 1
  m_EditorHideFlags: 0
  m_Script: {fileID: 11500000, guid: 7a5c71976fbca8942845ae282480b32c, type: 3}
  m_Name: 
  m_EditorClassIdentifier: 
  m_HealthPoint: 100
--- !u!114 &2125852406
MonoBehaviour:
  m_ObjectHideFlags: 0
  m_CorrespondingSourceObject: {fileID: 0}
  m_PrefabInstance: {fileID: 0}
  m_PrefabAsset: {fileID: 0}
  m_GameObject: {fileID: 2125852395}
  m_Enabled: 1
  m_EditorHideFlags: 0
  m_Script: {fileID: 11500000, guid: 777d543658b46414893537c31191f351, type: 3}
  m_Name: 
  m_EditorClassIdentifier: 
--- !u!1001 &2131348787
PrefabInstance:
  m_ObjectHideFlags: 0
  serializedVersion: 2
  m_Modification:
    serializedVersion: 3
    m_TransformParent: {fileID: 0}
    m_Modifications:
    - target: {fileID: 2395542555515660163, guid: ab660f7af9ed75c469f9c0dee2a0d842, type: 3}
      propertyPath: m_LocalPosition.x
      value: 2.52
      objectReference: {fileID: 0}
    - target: {fileID: 2395542555515660163, guid: ab660f7af9ed75c469f9c0dee2a0d842, type: 3}
      propertyPath: m_LocalPosition.y
      value: 0.5
      objectReference: {fileID: 0}
    - target: {fileID: 2395542555515660163, guid: ab660f7af9ed75c469f9c0dee2a0d842, type: 3}
      propertyPath: m_LocalPosition.z
      value: 6.5
      objectReference: {fileID: 0}
    - target: {fileID: 2395542555515660163, guid: ab660f7af9ed75c469f9c0dee2a0d842, type: 3}
      propertyPath: m_LocalRotation.w
      value: 0.92387956
      objectReference: {fileID: 0}
    - target: {fileID: 2395542555515660163, guid: ab660f7af9ed75c469f9c0dee2a0d842, type: 3}
      propertyPath: m_LocalRotation.x
      value: 0
      objectReference: {fileID: 0}
    - target: {fileID: 2395542555515660163, guid: ab660f7af9ed75c469f9c0dee2a0d842, type: 3}
      propertyPath: m_LocalRotation.y
      value: 0
      objectReference: {fileID: 0}
    - target: {fileID: 2395542555515660163, guid: ab660f7af9ed75c469f9c0dee2a0d842, type: 3}
      propertyPath: m_LocalRotation.z
      value: 0.38268343
      objectReference: {fileID: 0}
    - target: {fileID: 2395542555515660163, guid: ab660f7af9ed75c469f9c0dee2a0d842, type: 3}
      propertyPath: m_LocalEulerAnglesHint.x
      value: 0
      objectReference: {fileID: 0}
    - target: {fileID: 2395542555515660163, guid: ab660f7af9ed75c469f9c0dee2a0d842, type: 3}
      propertyPath: m_LocalEulerAnglesHint.y
      value: 0
      objectReference: {fileID: 0}
    - target: {fileID: 2395542555515660163, guid: ab660f7af9ed75c469f9c0dee2a0d842, type: 3}
      propertyPath: m_LocalEulerAnglesHint.z
      value: 45
      objectReference: {fileID: 0}
    - target: {fileID: 2913635201651306369, guid: ab660f7af9ed75c469f9c0dee2a0d842, type: 3}
      propertyPath: m_Name
      value: Diamond (3)
      objectReference: {fileID: 0}
    m_RemovedComponents: []
    m_RemovedGameObjects: []
    m_AddedGameObjects: []
    m_AddedComponents: []
  m_SourcePrefab: {fileID: 100100000, guid: ab660f7af9ed75c469f9c0dee2a0d842, type: 3}
--- !u!1001 &1745450545916427438
PrefabInstance:
  m_ObjectHideFlags: 0
  serializedVersion: 2
  m_Modification:
    serializedVersion: 3
    m_TransformParent: {fileID: 0}
    m_Modifications:
    - target: {fileID: 8143382608046412016, guid: 28577cb80bd608f479d579071aabe4eb, type: 3}
      propertyPath: m_Name
      value: Bandage
      objectReference: {fileID: 0}
    - target: {fileID: 8181888290382647132, guid: 28577cb80bd608f479d579071aabe4eb, type: 3}
      propertyPath: m_Materials.Array.data[0]
      value: 
      objectReference: {fileID: 2100000, guid: 2f451196e0719f248935848b5109dd99, type: 2}
    - target: {fileID: 8532908449428668457, guid: 28577cb80bd608f479d579071aabe4eb, type: 3}
      propertyPath: m_LocalPosition.x
      value: -14.49
      objectReference: {fileID: 0}
    - target: {fileID: 8532908449428668457, guid: 28577cb80bd608f479d579071aabe4eb, type: 3}
      propertyPath: m_LocalPosition.y
      value: 0.5
      objectReference: {fileID: 0}
    - target: {fileID: 8532908449428668457, guid: 28577cb80bd608f479d579071aabe4eb, type: 3}
      propertyPath: m_LocalPosition.z
      value: 4.4
      objectReference: {fileID: 0}
    - target: {fileID: 8532908449428668457, guid: 28577cb80bd608f479d579071aabe4eb, type: 3}
      propertyPath: m_LocalRotation.w
      value: 1
      objectReference: {fileID: 0}
    - target: {fileID: 8532908449428668457, guid: 28577cb80bd608f479d579071aabe4eb, type: 3}
      propertyPath: m_LocalRotation.x
      value: 0
      objectReference: {fileID: 0}
    - target: {fileID: 8532908449428668457, guid: 28577cb80bd608f479d579071aabe4eb, type: 3}
      propertyPath: m_LocalRotation.y
      value: 0
      objectReference: {fileID: 0}
    - target: {fileID: 8532908449428668457, guid: 28577cb80bd608f479d579071aabe4eb, type: 3}
      propertyPath: m_LocalRotation.z
      value: 0
      objectReference: {fileID: 0}
    - target: {fileID: 8532908449428668457, guid: 28577cb80bd608f479d579071aabe4eb, type: 3}
      propertyPath: m_LocalEulerAnglesHint.x
      value: 0
      objectReference: {fileID: 0}
    - target: {fileID: 8532908449428668457, guid: 28577cb80bd608f479d579071aabe4eb, type: 3}
      propertyPath: m_LocalEulerAnglesHint.y
      value: 0
      objectReference: {fileID: 0}
    - target: {fileID: 8532908449428668457, guid: 28577cb80bd608f479d579071aabe4eb, type: 3}
      propertyPath: m_LocalEulerAnglesHint.z
      value: 0
      objectReference: {fileID: 0}
    m_RemovedComponents: []
    m_RemovedGameObjects: []
    m_AddedGameObjects: []
    m_AddedComponents: []
  m_SourcePrefab: {fileID: 100100000, guid: 28577cb80bd608f479d579071aabe4eb, type: 3}
--- !u!1001 &2100831266533148670
PrefabInstance:
  m_ObjectHideFlags: 0
  serializedVersion: 2
  m_Modification:
    serializedVersion: 3
    m_TransformParent: {fileID: 0}
    m_Modifications:
    - target: {fileID: 4510203200862820694, guid: 269b586926d21814996ca513b04350fd, type: 3}
      propertyPath: m_Name
      value: Coin
      objectReference: {fileID: 0}
    - target: {fileID: 7238023092541187360, guid: 269b586926d21814996ca513b04350fd, type: 3}
      propertyPath: m_LocalPosition.x
      value: 2.9
      objectReference: {fileID: 0}
    - target: {fileID: 7238023092541187360, guid: 269b586926d21814996ca513b04350fd, type: 3}
      propertyPath: m_LocalPosition.y
      value: 0
      objectReference: {fileID: 0}
    - target: {fileID: 7238023092541187360, guid: 269b586926d21814996ca513b04350fd, type: 3}
      propertyPath: m_LocalPosition.z
      value: 1.77
      objectReference: {fileID: 0}
    - target: {fileID: 7238023092541187360, guid: 269b586926d21814996ca513b04350fd, type: 3}
      propertyPath: m_LocalRotation.w
      value: 0.7071068
      objectReference: {fileID: 0}
    - target: {fileID: 7238023092541187360, guid: 269b586926d21814996ca513b04350fd, type: 3}
      propertyPath: m_LocalRotation.x
      value: 0.7071068
      objectReference: {fileID: 0}
    - target: {fileID: 7238023092541187360, guid: 269b586926d21814996ca513b04350fd, type: 3}
      propertyPath: m_LocalRotation.y
      value: 0
      objectReference: {fileID: 0}
    - target: {fileID: 7238023092541187360, guid: 269b586926d21814996ca513b04350fd, type: 3}
      propertyPath: m_LocalRotation.z
      value: 0
      objectReference: {fileID: 0}
    - target: {fileID: 7238023092541187360, guid: 269b586926d21814996ca513b04350fd, type: 3}
      propertyPath: m_LocalEulerAnglesHint.x
      value: 90
      objectReference: {fileID: 0}
    - target: {fileID: 7238023092541187360, guid: 269b586926d21814996ca513b04350fd, type: 3}
      propertyPath: m_LocalEulerAnglesHint.y
      value: 0
      objectReference: {fileID: 0}
    - target: {fileID: 7238023092541187360, guid: 269b586926d21814996ca513b04350fd, type: 3}
      propertyPath: m_LocalEulerAnglesHint.z
      value: 0
      objectReference: {fileID: 0}
    m_RemovedComponents: []
    m_RemovedGameObjects: []
    m_AddedGameObjects: []
    m_AddedComponents: []
  m_SourcePrefab: {fileID: 100100000, guid: 269b586926d21814996ca513b04350fd, type: 3}
--- !u!1001 &3273042464361723758
PrefabInstance:
  m_ObjectHideFlags: 0
  serializedVersion: 2
  m_Modification:
    serializedVersion: 3
    m_TransformParent: {fileID: 0}
    m_Modifications:
    - target: {fileID: 150388375573703045, guid: 88f25af51d16b95469c80db202585047, type: 3}
      propertyPath: m_LocalPosition.x
      value: 0.61
      objectReference: {fileID: 0}
    - target: {fileID: 150388375573703045, guid: 88f25af51d16b95469c80db202585047, type: 3}
      propertyPath: m_LocalPosition.y
      value: 0.5
      objectReference: {fileID: 0}
    - target: {fileID: 150388375573703045, guid: 88f25af51d16b95469c80db202585047, type: 3}
      propertyPath: m_LocalPosition.z
      value: 8.8
      objectReference: {fileID: 0}
    - target: {fileID: 150388375573703045, guid: 88f25af51d16b95469c80db202585047, type: 3}
      propertyPath: m_LocalRotation.w
      value: 0.7071068
      objectReference: {fileID: 0}
    - target: {fileID: 150388375573703045, guid: 88f25af51d16b95469c80db202585047, type: 3}
      propertyPath: m_LocalRotation.x
      value: 0.7071068
      objectReference: {fileID: 0}
    - target: {fileID: 150388375573703045, guid: 88f25af51d16b95469c80db202585047, type: 3}
      propertyPath: m_LocalRotation.y
      value: 0
      objectReference: {fileID: 0}
    - target: {fileID: 150388375573703045, guid: 88f25af51d16b95469c80db202585047, type: 3}
      propertyPath: m_LocalRotation.z
      value: 0
      objectReference: {fileID: 0}
    - target: {fileID: 150388375573703045, guid: 88f25af51d16b95469c80db202585047, type: 3}
      propertyPath: m_LocalEulerAnglesHint.x
      value: 90
      objectReference: {fileID: 0}
    - target: {fileID: 150388375573703045, guid: 88f25af51d16b95469c80db202585047, type: 3}
      propertyPath: m_LocalEulerAnglesHint.y
      value: 0
      objectReference: {fileID: 0}
    - target: {fileID: 150388375573703045, guid: 88f25af51d16b95469c80db202585047, type: 3}
      propertyPath: m_LocalEulerAnglesHint.z
      value: 0
      objectReference: {fileID: 0}
    - target: {fileID: 2998898241434573943, guid: 88f25af51d16b95469c80db202585047, type: 3}
      propertyPath: m_Name
      value: BigCoin
      objectReference: {fileID: 0}
    m_RemovedComponents: []
    m_RemovedGameObjects: []
    m_AddedGameObjects: []
    m_AddedComponents: []
  m_SourcePrefab: {fileID: 100100000, guid: 88f25af51d16b95469c80db202585047, type: 3}
--- !u!1001 &4019795664164360104
PrefabInstance:
  m_ObjectHideFlags: 0
  serializedVersion: 2
  m_Modification:
    serializedVersion: 3
    m_TransformParent: {fileID: 0}
    m_Modifications:
    - target: {fileID: 2395542555515660163, guid: ab660f7af9ed75c469f9c0dee2a0d842, type: 3}
      propertyPath: m_LocalPosition.x
      value: -0.33
      objectReference: {fileID: 0}
    - target: {fileID: 2395542555515660163, guid: ab660f7af9ed75c469f9c0dee2a0d842, type: 3}
      propertyPath: m_LocalPosition.y
      value: 0.5
      objectReference: {fileID: 0}
    - target: {fileID: 2395542555515660163, guid: ab660f7af9ed75c469f9c0dee2a0d842, type: 3}
      propertyPath: m_LocalPosition.z
      value: 3.87
      objectReference: {fileID: 0}
    - target: {fileID: 2395542555515660163, guid: ab660f7af9ed75c469f9c0dee2a0d842, type: 3}
      propertyPath: m_LocalRotation.w
      value: 0.92387956
      objectReference: {fileID: 0}
    - target: {fileID: 2395542555515660163, guid: ab660f7af9ed75c469f9c0dee2a0d842, type: 3}
      propertyPath: m_LocalRotation.x
      value: 0
      objectReference: {fileID: 0}
    - target: {fileID: 2395542555515660163, guid: ab660f7af9ed75c469f9c0dee2a0d842, type: 3}
      propertyPath: m_LocalRotation.y
      value: 0
      objectReference: {fileID: 0}
    - target: {fileID: 2395542555515660163, guid: ab660f7af9ed75c469f9c0dee2a0d842, type: 3}
      propertyPath: m_LocalRotation.z
      value: 0.38268343
      objectReference: {fileID: 0}
    - target: {fileID: 2395542555515660163, guid: ab660f7af9ed75c469f9c0dee2a0d842, type: 3}
      propertyPath: m_LocalEulerAnglesHint.x
      value: 0
      objectReference: {fileID: 0}
    - target: {fileID: 2395542555515660163, guid: ab660f7af9ed75c469f9c0dee2a0d842, type: 3}
      propertyPath: m_LocalEulerAnglesHint.y
      value: 0
      objectReference: {fileID: 0}
    - target: {fileID: 2395542555515660163, guid: ab660f7af9ed75c469f9c0dee2a0d842, type: 3}
      propertyPath: m_LocalEulerAnglesHint.z
      value: 45
      objectReference: {fileID: 0}
    - target: {fileID: 2913635201651306369, guid: ab660f7af9ed75c469f9c0dee2a0d842, type: 3}
      propertyPath: m_Name
      value: Diamond
      objectReference: {fileID: 0}
    m_RemovedComponents: []
    m_RemovedGameObjects: []
    m_AddedGameObjects: []
    m_AddedComponents: []
  m_SourcePrefab: {fileID: 100100000, guid: ab660f7af9ed75c469f9c0dee2a0d842, type: 3}
--- !u!1660057539 &9223372036854775807
SceneRoots:
  m_ObjectHideFlags: 0
  m_Roots:
  - {fileID: 1035516773}
  - {fileID: 1228102200}
  - {fileID: 125807111}
  - {fileID: 1547662191}
  - {fileID: 4019795664164360104}
  - {fileID: 747367966}
  - {fileID: 1914310002}
  - {fileID: 2131348787}
  - {fileID: 835297360}
  - {fileID: 2100831266533148670}
  - {fileID: 1821325}
  - {fileID: 131156449}
  - {fileID: 1927781695}
  - {fileID: 2020159831}
  - {fileID: 1128193870}
  - {fileID: 1642938272}
  - {fileID: 2116971691}
  - {fileID: 1745450545916427438}
  - {fileID: 2087661701}
  - {fileID: 1901238191}
  - {fileID: 1311839188}
  - {fileID: 1101179708}
  - {fileID: 1799143817}
  - {fileID: 106373500}
  - {fileID: 1450917088}
  - {fileID: 1223445265}
  - {fileID: 3273042464361723758}
  - {fileID: 1915147576}
  - {fileID: 712371516}
  - {fileID: 884212161}
